<!DOCTYPE html>
<meta charset="utf-8" />
<!-- version 1 -->
<title>[Gen 7] OU replay: lt41i kanto vs. Lt41b Punny</title>
<style>
html,body {font-family:Verdana, sans-serif;font-size:10pt;margin:0;padding:0;}body{padding:12px 0;} .battle-log {font-family:Verdana, sans-serif;font-size:10pt;} .battle-log-inline {border:1px solid #AAAAAA;background:#EEF2F5;color:black;max-width:640px;margin:0 auto 80px;padding-bottom:5px;} .battle-log .inner {padding:4px 8px 0px 8px;} .battle-log .inner-preempt {padding:0 8px 4px 8px;} .battle-log .inner-after {margin-top:0.5em;} .battle-log h2 {margin:0.5em -8px;padding:4px 8px;border:1px solid #AAAAAA;background:#E0E7EA;border-left:0;border-right:0;font-family:Verdana, sans-serif;font-size:13pt;} .battle-log .chat {vertical-align:middle;padding:3px 0 3px 0;font-size:8pt;} .battle-log .chat strong {color:#40576A;} .battle-log .chat em {padding:1px 4px 1px 3px;color:#000000;font-style:normal;} .chat.mine {background:rgba(0,0,0,0.05);margin-left:-8px;margin-right:-8px;padding-left:8px;padding-right:8px;} .spoiler {color:#BBBBBB;background:#BBBBBB;padding:0px 3px;} .spoiler:hover, .spoiler:active, .spoiler-shown {color:#000000;background:#E2E2E2;padding:0px 3px;} .spoiler a {color:#BBBBBB;} .spoiler:hover a, .spoiler:active a, .spoiler-shown a {color:#2288CC;} .chat code, .chat .spoiler:hover code, .chat .spoiler:active code, .chat .spoiler-shown code {border:1px solid #C0C0C0;background:#EEEEEE;color:black;padding:0 2px;} .chat .spoiler code {border:1px solid #CCCCCC;background:#CCCCCC;color:#CCCCCC;} .battle-log .rated {padding:3px 4px;} .battle-log .rated strong {color:white;background:#89A;padding:1px 4px;border-radius:4px;} .spacer {margin-top:0.5em;} .message-announce {background:#6688AA;color:white;padding:1px 4px 2px;} .message-announce a, .broadcast-green a, .broadcast-blue a, .broadcast-red a {color:#DDEEFF;} .broadcast-green {background-color:#559955;color:white;padding:2px 4px;} .broadcast-blue {background-color:#6688AA;color:white;padding:2px 4px;} .infobox {border:1px solid #6688AA;padding:2px 4px;} .infobox-limited {max-height:200px;overflow:auto;overflow-x:hidden;} .broadcast-red {background-color:#AA5544;color:white;padding:2px 4px;} .message-learn-canlearn {font-weight:bold;color:#228822;text-decoration:underline;} .message-learn-cannotlearn {font-weight:bold;color:#CC2222;text-decoration:underline;} .message-effect-weak {font-weight:bold;color:#CC2222;} .message-effect-resist {font-weight:bold;color:#6688AA;} .message-effect-immune {font-weight:bold;color:#666666;} .message-learn-list {margin-top:0;margin-bottom:0;} .message-throttle-notice, .message-error {color:#992222;} .message-overflow, .chat small.message-overflow {font-size:0pt;} .message-overflow::before {font-size:9pt;content:'...';} .subtle {color:#3A4A66;}
</style>
<div class="wrapper replay-wrapper" style="max-width:1180px;margin:0 auto">
<input type="hidden" name="replayid" value="gen7ou-614770516" />
<div class="battle"></div><div class="battle-log"></div><div class="replay-controls"></div><div class="replay-controls-2"></div>
<h1 style="font-weight:normal;text-align:center"><strong>[Gen 7] OU</strong><br /><a href="http://pokemonshowdown.com/users/lt41ikanto" class="subtle" target="_blank">lt41i kanto</a> vs. <a href="http://pokemonshowdown.com/users/lt41bpunny" class="subtle" target="_blank">Lt41b Punny</a></h1>
<script type="text/plain" class="battle-log-data">|j|lt41i kanto
|j|Lt41b Punny
|player|p1|lt41i kanto|137
|teamsize|p1|6
|player|p2|Lt41b Punny|104
|teamsize|p2|6
|gametype|singles
|gen|7
|tier|[Gen 7] OU
|rated
|seed|14901,31211,13517,31967
|rule|Sleep Clause Mod: Limit one foe put to sleep
|rule|Species Clause: Limit one of each Pokémon
|rule|OHKO Clause: OHKO moves are banned
|rule|Moody Clause: Moody is banned
|rule|Evasion Moves Clause: Evasion moves are banned
|rule|Endless Battle Clause: Forcing endless battles is banned
|rule|HP Percentage Mod: HP is shown in percentages
|clearpoke
|poke|p1|Pinsir, F|item
|poke|p1|Garchomp, M|item
|poke|p1|Mew|item
|poke|p1|Greninja, F|item
|poke|p1|Magearna|item
|poke|p1|Latios, M|item
|poke|p2|Pinsir, M|item
|poke|p2|Azelf|item
|poke|p2|Excadrill, F|item
|poke|p2|Dragonite, M|item
|poke|p2|Manaphy|item
|poke|p2|Mimikyu, F|item
|teampreview
|j|Gnegne22
|c|☆lt41i kanto|Hf
|j|LT41Z HQuaze
|j|Cdumas
|c|☆Lt41b Punny|u2
|j|Fidhdkshfurb
|choice|team 1, team 2, team 3, team 4, team 5, team 6|team 2, team 1, team 3, team 4, team 5, team 6
|
|start
|switch|p1a: Pinsir|Pinsir, F|271\/271
|switch|p2a: Azelf|Azelf|291\/291
|turn|1
|j|jaylyfe
|j|sSantu
|j|Lt41x Niko
|j|DenisAKAtheMenace
|j|Michy47
|choice|move frustration mega|move fireblast
|
|detailschange|p1a: Pinsir|Pinsir-Mega, F
|-mega|p1a: Pinsir|Pinsir|Pinsirite
|move|p2a: Azelf|Fire Blast|p1a: Pinsir
|-supereffective|p1a: Pinsir
|-damage|p1a: Pinsir|0 fnt
|faint|p1a: Pinsir
|
|upkeep
|j|fantasticapples
|choice|switch 4|
|
|switch|p1a: Greninja|Greninja, F|285\/285
|turn|2
|choice|move icebeam|move stealthrock
|
|move|p1a: Greninja|Ice Beam|p2a: Azelf
|-start|p1a: Greninja|typechange|Ice|[from] Protean
|-damage|p2a: Azelf|135\/291
|move|p2a: Azelf|Stealth Rock|p1a: Greninja
|-sidestart|p1: lt41i kanto|move: Stealth Rock
|
|upkeep
|turn|3
|choice|move icebeam|switch 5
|
|switch|p2a: Manaphy|Manaphy|341\/341
|move|p1a: Greninja|Ice Beam|p2a: Manaphy
|-resisted|p2a: Manaphy
|-damage|p2a: Manaphy|290\/341
|
|-heal|p2a: Manaphy|311\/341|[from] item: Leftovers
|upkeep
|turn|4
|j|Liones ~
|choice|switch 5|move icebeam
|
|switch|p1a: Magearna|Magearna|364\/364
|-damage|p1a: Magearna|342\/364|[from] Stealth Rock
|move|p2a: Manaphy|Ice Beam|p1a: Magearna
|-resisted|p1a: Magearna
|-damage|p1a: Magearna|324\/364
|
|-heal|p2a: Manaphy|332\/341|[from] item: Leftovers
|upkeep
|turn|5
|j|perfecte
|choice|move voltswitch|move surf
|
|move|p2a: Manaphy|Surf|p1a: Magearna
|-damage|p1a: Magearna|267\/364
|move|p1a: Magearna|Volt Switch|p2a: Manaphy
|-supereffective|p2a: Manaphy
|-damage|p2a: Manaphy|188\/341
|j|LUCK>SKILL
|choice|switch 6|
|
|switch|p1a: Latios|Latios, M|301\/301
|-damage|p1a: Latios|264\/301|[from] Stealth Rock
|
|-heal|p2a: Manaphy|209\/341|[from] item: Leftovers
|upkeep
|turn|6
|choice|move defog|switch 3
|
|switch|p2a: Excadrill|Excadrill, F|361\/361
|-ability|p2a: Excadrill|Mold Breaker
|move|p1a: Latios|Defog|p2a: Excadrill
|-unboost|p2a: Excadrill|evasion|1
|-sideend|p1: lt41i kanto|Stealth Rock|[from] move: Defog|[of] p1a: Latios
|
|upkeep
|turn|7
|choice|move surf|move stealthrock
|
|move|p2a: Excadrill|Stealth Rock|p1a: Latios
|-sidestart|p1: lt41i kanto|move: Stealth Rock
|move|p1a: Latios|Surf|p2a: Excadrill
|-supereffective|p2a: Excadrill
|-damage|p2a: Excadrill|1\/361
|
|upkeep
|turn|8
|choice|move defog|switch 5
|
|switch|p2a: Azelf|Azelf|135\/291
|move|p1a: Latios|Defog|p2a: Azelf
|-unboost|p2a: Azelf|evasion|1
|-sideend|p1: lt41i kanto|Stealth Rock|[from] move: Defog|[of] p1a: Latios
|
|upkeep
|turn|9
|j|TM
|choice|switch 5|move stealthrock
|
|switch|p1a: Greninja|Greninja, F|285\/285
|move|p2a: Azelf|Stealth Rock|p1a: Greninja
|-sidestart|p1: lt41i kanto|move: Stealth Rock
|
|upkeep
|turn|10
|choice|move uturn|move explosion
|
|move|p1a: Greninja|U-turn|p2a: Azelf
|-start|p1a: Greninja|typechange|Bug|[from] Protean
|-supereffective|p2a: Azelf
|-damage|p2a: Azelf|0 fnt
|faint|p2a: Azelf
|j|misakalv5
|choice|switch 2|
|
|switch|p1a: Garchomp|Garchomp, M|357\/357
|-damage|p1a: Garchomp|335\/357|[from] Stealth Rock
|
|upkeep
|j|rekt
|choice||switch 6
|
|switch|p2a: Mimikyu|Mimikyu, F|251\/251
|turn|11
|j|Alexander^%%%
|choice|move stealthrock|move playrough
|
|move|p1a: Garchomp|Stealth Rock|p2a: Mimikyu
|-sidestart|p2: Lt41b Punny|move: Stealth Rock
|move|p2a: Mimikyu|Play Rough|p1a: Garchomp
|-supereffective|p1a: Garchomp
|-damage|p1a: Garchomp|0 fnt
|-damage|p2a: Mimikyu|220\/251|[from] ability: Rough Skin|[of] p1a: Garchomp
|-damage|p2a: Mimikyu|195\/251|[from] item: Life Orb
|faint|p1a: Garchomp
|
|upkeep
|j|kid.doms
|choice|switch 6|
|
|switch|p1a: Magearna|Magearna|267\/364
|-damage|p1a: Magearna|245\/364|[from] Stealth Rock
|turn|12
|choice|move flashcannon|switch 5
|
|switch|p2a: Excadrill|Excadrill, F|1\/361
|-damage|p2a: Excadrill|0 fnt|[from] Stealth Rock
|faint|p2a: Excadrill
|-ability|p1a: Magearna|Soul-Heart|boost
|-boost|p1a: Magearna|spa|1
|move|p1a: Magearna|Flash Cannon|p2: Excadrill|[notarget]
|-notarget
|
|upkeep
|l|kid.doms
|j|CaptainRisky
|choice||switch 2
|
|switch|p2a: Pinsir|Pinsir, M|271\/271
|-damage|p2a: Pinsir|204\/271|[from] Stealth Rock
|turn|13
|j|acerola cherry
|j|Xyiavez
|j|Ridaz
|j|Zaettsu
|j|Pima
|l|Pima
|j|akeng不错哦
|l|Fidhdkshfurb
|l|Gnegne22
|inactive|Battle timer is ON: inactive players will automatically lose when time's up. (requested by Lt41b Punny)
|j|tsmugs
|j|lt41 career ended
|j|sorry
|inactive|lt41i kanto has 120 seconds left.
|inactive|Lt41b Punny has 120 seconds left.
|j|Langzi- -
|choice|move icebeam|move earthquake mega
|
|detailschange|p2a: Pinsir|Pinsir-Mega, M
|-mega|p2a: Pinsir|Pinsir|Pinsirite
|move|p2a: Pinsir|Earthquake|p1a: Magearna
|-supereffective|p1a: Magearna
|-damage|p1a: Magearna|13\/364
|move|p1a: Magearna|Ice Beam|p2a: Pinsir
|-supereffective|p2a: Pinsir
|-crit|p2a: Pinsir
|-damage|p2a: Pinsir|0 fnt
|faint|p2a: Pinsir
|-ability|p1a: Magearna|Soul-Heart|boost
|-boost|p1a: Magearna|spa|1
|
|upkeep
|j|BHARATH_THEBEST
|j|Googly
|inactive|Lt41b Punny has 120 seconds left.
|choice||switch 5
|
|switch|p2a: Mimikyu|Mimikyu, F|195\/251
|-damage|p2a: Mimikyu|164\/251|[from] Stealth Rock
|turn|14
|choice|move voltswitch|move shadowclaw
|
|move|p2a: Mimikyu|Shadow Claw|p1a: Magearna
|-crit|p1a: Magearna
|-damage|p1a: Magearna|0 fnt
|-damage|p2a: Mimikyu|139\/251|[from] item: Life Orb
|faint|p1a: Magearna
|
|upkeep
|j|playerW17
|choice|switch 3|
|
|switch|p1a: Mew|Mew|404\/404
|-damage|p1a: Mew|354\/404|[from] Stealth Rock
|turn|15
|j|justiciable
|j|LT41D INSULT
|j|super mush
|j|DDarken@@
|l|super mush
|j|Void
|choice|move icebeam|switch 3
|
|switch|p2a: Manaphy|Manaphy|209\/341
|-damage|p2a: Manaphy|167\/341|[from] Stealth Rock
|move|p1a: Mew|Ice Beam|p2a: Manaphy
|-resisted|p2a: Manaphy
|-damage|p2a: Manaphy|135\/341
|
|-heal|p2a: Manaphy|156\/341|[from] item: Leftovers
|-heal|p1a: Mew|379\/404|[from] item: Leftovers
|upkeep
|turn|16
|j|jefff winger
|c| DenisAKAtheMenace|insult :o
|j|Halpak
|j|gorgie
|c| LT41D INSULT|hey
|j|yoppie
|j|gogotesting
|choice|move roar|move icebeam
|
|move|p2a: Manaphy|Ice Beam|p1a: Mew
|-crit|p1a: Mew
|-damage|p1a: Mew|234\/404
|move|p1a: Mew|Roar|p2a: Manaphy
|drag|p2a: Mimikyu|Mimikyu, F|139\/251
|-damage|p2a: Mimikyu|108\/251|[from] Stealth Rock
|
|-heal|p1a: Mew|259\/404|[from] item: Leftovers
|upkeep
|turn|17
|j|pmtj6
|j|Pima
|j|Br3to
|j|Averardo III
|j|kid.doms
|c| LT41D INSULT|hope its ada
|inactive|Lt41b Punny has 120 seconds left.
|j|ids gzy
|c| lt41c sorry|if its holly
|c| lt41c sorry|the game is over
|j|Rumor
|l|jefff winger
|choice|move icebeam|move swordsdance
|
|move|p1a: Mew|Ice Beam|p2a: Mimikyu
|-activate|p2a: Mimikyu|ability: Disguise
|-damage|p2a: Mimikyu|108\/251
|detailschange|p2a: Mimikyu|Mimikyu-Busted, F
|move|p2a: Mimikyu|Swords Dance|p2a: Mimikyu
|-boost|p2a: Mimikyu|atk|2
|
|-heal|p1a: Mew|284\/404|[from] item: Leftovers
|upkeep
|turn|18
|j|craing
|j|Analytic
|j|An OU noob
|c| BHARATH_THEBEST|o
|c| DenisAKAtheMenace|o
|inactive|Lt41b Punny has 120 seconds left.
|c|+Rumor|o
|j|Yehitsme
|c|+Analytic|whys it over if its jolly
|c| lt41c sorry|kanto i want u to lose
|c|+Analytic|lol
|c| LT41D INSULT|i forgot its this mew set
|c| lt41c sorry|btu i dont
|c| lt41c sorry|cuz ur using
|c| lt41c sorry|my team
|c| DenisAKAtheMenace|lol
|inactive|Lt41b Punny has 90 seconds left.
|j|Vore Gidal
|j|Exterminator God
|choice|move icebeam|move shadowsneak
|
|move|p2a: Mimikyu|Shadow Sneak|p1a: Mew
|-supereffective|p1a: Mew
|-damage|p1a: Mew|0 fnt
|-damage|p2a: Mimikyu|83\/251|[from] item: Life Orb
|faint|p1a: Mew
|
|upkeep
|j|Chaos23333
|choice|switch 2|
|
|switch|p1a: Greninja|Greninja, F|285\/285
|-damage|p1a: Greninja|250\/285|[from] Stealth Rock
|turn|19
|inactive|Lt41b Punny has 90 seconds left.
|choice|move icebeam|switch 3
|
|switch|p2a: Manaphy|Manaphy|156\/341
|-damage|p2a: Manaphy|114\/341|[from] Stealth Rock
|move|p1a: Greninja|Ice Beam|p2a: Manaphy
|-start|p1a: Greninja|typechange|Ice|[from] Protean
|-resisted|p2a: Manaphy
|-damage|p2a: Manaphy|59\/341
|
|-heal|p2a: Manaphy|80\/341|[from] item: Leftovers
|upkeep
|turn|20
|inactive|Lt41b Punny has 90 seconds left.
|choice|switch 5|move surf
|
|switch|p1a: Latios|Latios, M|264\/301
|-damage|p1a: Latios|227\/301|[from] Stealth Rock
|move|p2a: Manaphy|Surf|p1a: Latios
|-resisted|p1a: Latios
|-damage|p1a: Latios|167\/301
|
|-heal|p2a: Manaphy|101\/341|[from] item: Leftovers
|upkeep
|turn|21
|c|+Analytic|ah.
|inactive|Lt41b Punny has 90 seconds left.
|choice|move dracometeor|move icebeam
|
|move|p1a: Latios|Draco Meteor|p2a: Manaphy
|-damage|p2a: Manaphy|0 fnt
|-unboost|p1a: Latios|spa|2
|faint|p2a: Manaphy
|
|upkeep
|inactive|Lt41b Punny has 90 seconds left.
|choice||switch 3
|
|switch|p2a: Mimikyu|Mimikyu-Busted, F|83\/251
|-damage|p2a: Mimikyu|52\/251|[from] Stealth Rock
|turn|22
|inactive|Lt41b Punny has 90 seconds left.
|choice|move surf|move shadowsneak
|
|move|p2a: Mimikyu|Shadow Sneak|p1a: Latios
|-supereffective|p1a: Latios
|-crit|p1a: Latios
|-damage|p1a: Latios|0 fnt
|-damage|p2a: Mimikyu|27\/251|[from] item: Life Orb
|faint|p1a: Latios
|
|upkeep
|j|MarkLanders9
|choice|switch 5|
|
|switch|p1a: Greninja|Greninja, F|250\/285
|-damage|p1a: Greninja|215\/285|[from] Stealth Rock
|turn|23
|c|+Analytic|wait.
|c| LT41D INSULT|does e speed kill
|c| LT41D INSULT|hmm
|inactive|Lt41b Punny has 90 seconds left.
|c|+Analytic|idts
|c|+Analytic|unless cb
|choice|move icebeam|move shadowsneak
|
|move|p2a: Mimikyu|Shadow Sneak|p1a: Greninja
|-resisted|p1a: Greninja
|-damage|p1a: Greninja|155\/285
|-damage|p2a: Mimikyu|2\/251|[from] item: Life Orb
|move|p1a: Greninja|Ice Beam|p2a: Mimikyu
|-start|p1a: Greninja|typechange|Ice|[from] Protean
|-damage|p2a: Mimikyu|0 fnt
|faint|p2a: Mimikyu
|
|upkeep
|c| LT41D INSULT|its not
|choice||switch 4
|
|switch|p2a: Dragonite|Dragonite, M|323\/323
|-damage|p2a: Dragonite|243\/323|[from] Stealth Rock
|turn|24
|c| Void|yea prob not
|c| LT41D INSULT|oh no sorry
|c| LT41Z HQuaze|we critting here
|c| LT41D INSULT|u might have to find one
|c| PokemonMasterTJ|it wont
|choice|move icebeam|move extremespeed
|
|move|p2a: Dragonite|Extreme Speed|p1a: Greninja
|-crit|p1a: Greninja
|-damage|p1a: Greninja|0 fnt
|faint|p1a: Greninja
|
|win|Lt41b Punny
|raw|lt41i kanto's rating: 2143 &rarr; <strong>2120<\/strong><br \/>(-23 for losing)
|raw|Lt41b Punny's rating: 2089 &rarr; <strong>2112<\/strong><br \/>(+23 for winning)
|c| LT41D INSULT|,
|c|☆Lt41b Punny|gg
|c| rekt|bop
|c| lt41c sorry|YES
|c| LT41Z HQuaze|Lol
|c| LT41D INSULT|e
|c| Michy47|lol
|c|+playerW17|LOL
|c| PokemonMasterTJ|lol.
|c| gorgie|rofl
|c| LT41D INSULT|fr
|c| LT41Z HQuaze|QHAT
|c| Cdumas|so dumb
|c| DenisAKAtheMenace|LOOL
|c| Googly|!
|c| LT41D INSULT|RLY
|c| LT41Z HQuaze|DID U JUST
|c| Lt41x Niko|if -def
|c| Cdumas|why not sd
|c| LT41Z HQuaze|SAY
|c|☆Lt41b Punny|sorry
|c| LT41Z HQuaze|- goat
|c| lt41c sorry|YEZS
|c|☆Lt41b Punny|btw
|c| Lt41x Niko|didnt matter
|c| LT41D INSULT|Who says gg after that
|l|MarkLanders9
|c| lt41c sorry|YESSSS
|c| gorgie|monx
|c| Lt41x Niko|if -spdef
|c| Lt41x Niko|was roll
|l|lt41i kanto
|l|Googly
|j|super mush
|c|☆Lt41b Punny|i mean insult
|j|ABR
|c| Void|my god
|l|lt41c sorry
|l|Alexander^%%%
|c| DenisAKAtheMenace|Is Quaze human?
|c|☆Lt41b Punny|he played
|j|lt41c sorry
|c|☆Lt41b Punny|well
|l|gorgie
|l|rekt
|c| LT41D INSULT|ah
|l|super mush
|c| LT41D INSULT|i see
|l|Michy47
|l|justiciable
|l|LT41D INSULT
|c|☆Lt41b Punny|so why noy say gg
|l|lt41c sorry
|l|LUCK>SKILL
|c|+playerW17|252 Atk Dragonite Extreme Speed vs. 0 HP \/ 0 Def Greninja: 124-147 (43.5 - 51.5%) -- 9.8% chance to 2HKO
|l|Chaos23333
|c| Lt41x Niko|ada
|c|+Analytic|lol
|l|lt41 career ended
|c|☆Lt41b Punny|adamant
|l|perfecte
|c|☆Lt41b Punny|lol.
|l|misakalv5
|l|yoppie
|j|z0mog
|c| LT41Z HQuaze|it's ada.
|c|+playerW17|252+ Atk Dragonite Extreme Speed vs. 0 HP \/ 0 Def Greninja: 136-161 (47.7 - 56.4%) -- 85.9% chance to 2HKO
|l|Lt41b Punny
|l|BHARATH_THEBEST
|c|+playerW17|yea
|j|MarkLanders9
|c|+playerW17|u coulda gotten it
|j|Tay7ay
|l|ids gzy
|c|+playerW17|but a really poor roll
|l|Analytic
|l|DenisAKAtheMenace
|c| Lt41x Niko|could be -def
|l|tsmugs
|l|Vore Gidal
|l|MarkLanders9
|c| LT41Z HQuaze|^
|c| Lt41x Niko|if i remember well it is
|l|LT41Z HQuaze
|l|PokemonMasterTJ
|l|sSantu
|l|Ridaz
|l|acerola cherry
|l|z0mog
|l|ABR
|l|gogotesting
|l|Averardo III
|l|Lt41x Niko
|l|Halpak
|l|kid.doms
|l|Void
|l|Zaettsu
|l|Cdumas
|l|Tay7ay
|l|playerW17
|l|An OU noob
|l|Xyiavez
|l|craing
|l|fantasticapples
|l|DDarken@@
|l|Rumor
|l|Br3to
|l|Liones ~
|l|Pima</script>
</div>
<div class="battle-log battle-log-inline"><div class="inner"><div class="battle-options"></div><div class="inner"><div class="chat"><small>lt41i kanto joined.</small></div><div class="chat"><small>Lt41b Punny joined.</small></div><div class=""><small>Format:</small> <br><strong>[Gen 7] OU</strong></div><div class="rated"><strong>Rated battle</strong></div><div class=""><small><em>Sleep Clause Mod:</em> Limit one foe put to sleep</small></div><div class=""><small><em>Species Clause:</em> Limit one of each Pokémon</small></div><div class=""><small><em>OHKO Clause:</em> OHKO moves are banned</small></div><div class=""><small><em>Moody Clause:</em> Moody is banned</small></div><div class=""><small><em>Evasion Moves Clause:</em> Evasion moves are banned</small></div><div class=""><small><em>Endless Battle Clause:</em> Forcing endless battles is banned</small></div><div class=""><small><em>HP Percentage Mod:</em> HP is shown in percentages</small></div><div class="chat battle-history"><strong>lt41i kanto's team:</strong> <em style="color:#445566;display:block;">Pinsir / Garchomp / Mew / Greninja / Magearna / Latios</em></div><div class="chat battle-history"><strong>Lt41b Punny's team:</strong> <em style="color:#445566;display:block;">Pinsir / Azelf / Excadrill / Dragonite / Manaphy / Mimikyu</em></div><div class="chat"><small>Gnegne22 joined.</small></div><div class="chat chatmessage-lt41ikanto"><strong style="color:hsl(172,60%,41.333333333333336%);"><small>☆</small><span class="username" data-name="lt41i kanto">lt41i kanto</span>:</strong> <em>Hf</em></div><div class="chat"><small>LT41Z HQuaze joined.</small></div><div class="chat"><small>Cdumas joined.</small></div><div class="chat chatmessage-lt41bpunny"><strong style="color:hsl(334,89%,45%);"><small>☆</small><span class="username" data-name="Lt41b Punny">Lt41b Punny</span>:</strong> <em>u2</em></div><div class="chat"><small>Fidhdkshfurb joined.</small></div><div class="spacer battle-history"><br></div><div class="battle-history">Battle started between lt41i kanto and Lt41b Punny!<br></div><div class="spacer battle-history"><br></div><div class="battle-history">Go! <strong>Pinsir</strong>!<br></div><div class="spacer battle-history"><br></div><div class="battle-history">Lt41b Punny sent out <strong>Azelf</strong>!<br></div><div class="spacer battle-history"><br></div><h2 class="battle-history">Turn 1</h2><div class="chat"><small>jaylyfe joined.</small></div><div class="chat"><small>sSantu joined.</small></div><div class="chat"><small>Lt41x Niko joined.</small></div><div class="chat"><small>DenisAKAtheMenace joined.</small></div><div class="chat"><small>Michy47 joined.</small></div><div class="spacer battle-history"><br></div><div class="battle-history"><small>Pinsir's Pinsirite is reacting to the Key Stone!</small><br>Pinsir has Mega Evolved into Mega Pinsir!<br></div><div class="spacer battle-history"><br></div><div class="battle-history">The opposing Azelf used <strong>Fire Blast</strong>!<br></div><div class="battle-history"><small>It's super effective!</small><br></div><div class="battle-history"><small>(Pinsir lost <abbr title="−271/271">100%</abbr> of its health!)</small><br></div><div class="spacer battle-history"><br></div><div class="battle-history">Pinsir fainted!<br></div><div class="chat"><small>fantasticapples joined.</small></div><div class="spacer battle-history"><br></div><div class="battle-history">Go! <strong>Greninja</strong>!<br></div><div class="spacer battle-history"><br></div><h2 class="battle-history">Turn 2</h2><div class="spacer battle-history"><br></div><div class="battle-history">Greninja used <strong>Ice Beam</strong>!<br></div><div class="spacer battle-history"><br></div><div class="battle-history"><small>[Greninja's Protean]</small><br><small>Greninja transformed into the Ice type!</small><br></div><div class="battle-history"><small>(The opposing Azelf lost <abbr title="−156/291">53.6%</abbr> of its health!)</small><br></div><div class="spacer battle-history"><br></div><div class="battle-history">The opposing Azelf used <strong>Stealth Rock</strong>!<br></div><div class="battle-history"><small>Pointed stones float in the air around your team!</small><br></div><div class="spacer battle-history"><br></div><h2 class="battle-history">Turn 3</h2><div class="spacer battle-history"><br></div><div class="battle-history">Lt41b Punny withdrew Azelf!<br></div><div class="battle-history">Lt41b Punny sent out <strong>Manaphy</strong>!<br></div><div class="spacer battle-history"><br></div><div class="battle-history">Greninja used <strong>Ice Beam</strong>!<br></div><div class="battle-history"><small>It's not very effective...</small><br></div><div class="battle-history"><small>(The opposing Manaphy lost <abbr title="−51/341">15.0%</abbr> of its health!)</small><br></div><div class="spacer battle-history"><br></div><div class="battle-history"><small>The opposing Manaphy restored a little HP using its Leftovers!</small><br></div><div class="spacer battle-history"><br></div><h2 class="battle-history">Turn 4</h2><div class="chat"><small>Liones ~ joined.</small></div><div class="spacer battle-history"><br></div><div class="battle-history">Greninja, come back!<br></div><div class="battle-history">Go! <strong>Magearna</strong>!<br></div><div class="battle-history"><small>Pointed stones dug into Magearna!</small><br></div><div class="spacer battle-history"><br></div><div class="battle-history">The opposing Manaphy used <strong>Ice Beam</strong>!<br></div><div class="battle-history"><small>It's not very effective...</small><br></div><div class="battle-history"><small>(Magearna lost <abbr title="−18/364">4.9%</abbr> of its health!)</small><br></div><div class="spacer battle-history"><br></div><div class="battle-history"><small>The opposing Manaphy restored a little HP using its Leftovers!</small><br></div><div class="spacer battle-history"><br></div><h2 class="battle-history">Turn 5</h2><div class="chat"><small>perfecte joined.</small></div><div class="spacer battle-history"><br></div><div class="battle-history">The opposing Manaphy used <strong>Surf</strong>!<br></div><div class="battle-history"><small>(Magearna lost <abbr title="−57/364">15.7%</abbr> of its health!)</small><br></div><div class="spacer battle-history"><br></div><div class="battle-history">Magearna used <strong>Volt Switch</strong>!<br></div><div class="battle-history"><small>It's super effective!</small><br></div><div class="battle-history"><small>(The opposing Manaphy lost <abbr title="−144/341">42.2%</abbr> of its health!)</small><br></div><div class="chat"><small>LUCK&gt;SKILL joined.</small></div><div class="spacer battle-history"><br></div><div class="battle-history">Magearna went back to lt41i kanto!<br></div><div class="battle-history">Go! <strong>Latios</strong>!<br></div><div class="battle-history"><small>Pointed stones dug into Latios!</small><br></div><div class="spacer battle-history"><br></div><div class="battle-history"><small>The opposing Manaphy restored a little HP using its Leftovers!</small><br></div><div class="spacer battle-history"><br></div><h2 class="battle-history">Turn 6</h2><div class="spacer battle-history"><br></div><div class="battle-history">Lt41b Punny withdrew Manaphy!<br></div><div class="battle-history">Lt41b Punny sent out <strong>Excadrill</strong>!<br></div><div class="battle-history"><small>[The opposing Excadrill's Mold Breaker]</small><br><small>The opposing Excadrill breaks the mold!</small><br></div><div class="spacer battle-history"><br></div><div class="battle-history">Latios used <strong>Defog</strong>!<br></div><div class="battle-history"><small>The opposing Excadrill's evasiveness fell!</small><br></div><div class="battle-history"><small>The pointed stones disappeared from around your team!</small><br></div><div class="spacer battle-history"><br></div><h2 class="battle-history">Turn 7</h2><div class="spacer battle-history"><br></div><div class="battle-history">The opposing Excadrill used <strong>Stealth Rock</strong>!<br></div><div class="battle-history"><small>Pointed stones float in the air around your team!</small><br></div><div class="spacer battle-history"><br></div><div class="battle-history">Latios used <strong>Surf</strong>!<br></div><div class="battle-history"><small>It's super effective!</small><br></div><div class="battle-history"><small>(The opposing Excadrill lost <abbr title="−360/361">99.7%</abbr> of its health!)</small><br></div><div class="spacer battle-history"><br></div><h2 class="battle-history">Turn 8</h2><div class="spacer battle-history"><br></div><div class="battle-history">Lt41b Punny withdrew Excadrill!<br></div><div class="battle-history">Lt41b Punny sent out <strong>Azelf</strong>!<br></div><div class="spacer battle-history"><br></div><div class="battle-history">Latios used <strong>Defog</strong>!<br></div><div class="battle-history"><small>The opposing Azelf's evasiveness fell!</small><br></div><div class="battle-history"><small>The pointed stones disappeared from around your team!</small><br></div><div class="spacer battle-history"><br></div><h2 class="battle-history">Turn 9</h2><div class="chat"><small>TM joined.</small></div><div class="spacer battle-history"><br></div><div class="battle-history">Latios, come back!<br></div><div class="battle-history">Go! <strong>Greninja</strong>!<br></div><div class="spacer battle-history"><br></div><div class="battle-history">The opposing Azelf used <strong>Stealth Rock</strong>!<br></div><div class="battle-history"><small>Pointed stones float in the air around your team!</small><br></div><div class="spacer battle-history"><br></div><h2 class="battle-history">Turn 10</h2><div class="spacer battle-history"><br></div><div class="battle-history">Greninja used <strong>U-turn</strong>!<br></div><div class="spacer battle-history"><br></div><div class="battle-history"><small>[Greninja's Protean]</small><br><small>Greninja transformed into the Bug type!</small><br></div><div class="battle-history"><small>It's super effective!</small><br></div><div class="battle-history"><small>(The opposing Azelf lost <abbr title="−135/291">46.4%</abbr> of its health!)</small><br></div><div class="spacer battle-history"><br></div><div class="battle-history">The opposing Azelf fainted!<br></div><div class="chat"><small>misakalv5 joined.</small></div><div class="spacer battle-history"><br></div><div class="battle-history">Greninja went back to lt41i kanto!<br></div><div class="battle-history">Go! <strong>Garchomp</strong>!<br></div><div class="battle-history"><small>Pointed stones dug into Garchomp!</small><br></div><div class="chat"><small>rekt joined.</small></div><div class="spacer battle-history"><br></div><div class="battle-history">Lt41b Punny sent out <strong>Mimikyu</strong>!<br></div><div class="spacer battle-history"><br></div><h2 class="battle-history">Turn 11</h2><div class="chat"><small>Alexander^%%% joined.</small></div><div class="spacer battle-history"><br></div><div class="battle-history">Garchomp used <strong>Stealth Rock</strong>!<br></div><div class="battle-history"><small>Pointed stones float in the air around the opposing team!</small><br></div><div class="spacer battle-history"><br></div><div class="battle-history">The opposing Mimikyu used <strong>Play Rough</strong>!<br></div><div class="battle-history"><small>It's super effective!</small><br></div><div class="battle-history"><small>(Garchomp lost <abbr title="−335/357">93.8%</abbr> of its health!)</small><br></div><div class="battle-history"><small>[Garchomp's Rough Skin]</small><br><small>The opposing Mimikyu was hurt!</small><br></div><div class="battle-history"><small>The opposing Mimikyu lost some of its HP!</small><br></div><div class="spacer battle-history"><br></div><div class="battle-history">Garchomp fainted!<br></div><div class="chat"><small>kid.doms joined.</small></div><div class="spacer battle-history"><br></div><div class="battle-history">Go! <strong>Magearna</strong>!<br></div><div class="battle-history"><small>Pointed stones dug into Magearna!</small><br></div><div class="spacer battle-history"><br></div><h2 class="battle-history">Turn 12</h2><div class="spacer battle-history"><br></div><div class="battle-history">Lt41b Punny withdrew Mimikyu!<br></div><div class="battle-history">Lt41b Punny sent out <strong>Excadrill</strong>!<br></div><div class="battle-history"><small>Pointed stones dug into the opposing Excadrill!</small><br></div><div class="spacer battle-history"><br></div><div class="battle-history">The opposing Excadrill fainted!<br></div><div class="battle-history"><small>[Magearna's Soul-Heart]</small><br></div><div class="battle-history"><small>Magearna's Special Attack rose!</small><br></div><div class="spacer battle-history"><br></div><div class="battle-history">Magearna used <strong>Flash Cannon</strong>!<br></div><div class="battle-history"><small>But there was no target...</small><br></div><div class="chat"><small>kid.doms left.</small></div><div class="chat"><small>CaptainRisky joined.</small></div><div class="spacer battle-history"><br></div><div class="battle-history">Lt41b Punny sent out <strong>Pinsir</strong>!<br></div><div class="battle-history"><small>Pointed stones dug into the opposing Pinsir!</small><br></div><div class="spacer battle-history"><br></div><h2 class="battle-history">Turn 13</h2><div class="chat"><small>acerola cherry joined.</small></div><div class="chat"><small>Xyiavez joined.</small></div><div class="chat"><small>Ridaz joined.</small></div><div class="chat"><small>Zaettsu joined.</small></div><div class="chat"><small>Pima joined.</small></div><div class="chat"><small>Pima left.</small></div><div class="chat"><small>akeng不错哦 joined.</small></div><div class="chat"><small>Fidhdkshfurb left.</small></div><div class="chat"><small>Gnegne22 left.</small></div><div class="chat message-error">Battle timer is ON: inactive players will automatically lose when time's up. (requested by Lt41b Punny)</div><div class="chat"><small>tsmugs joined.</small></div><div class="chat"><small>lt41 career ended joined.</small></div><div class="chat"><small>sorry joined.</small></div><div class="chat message-error">lt41i kanto has 120 seconds left.</div><div class="chat message-error">Lt41b Punny has 120 seconds left.</div><div class="chat"><small>Langzi- - joined.</small></div><div class="spacer battle-history"><br></div><div class="battle-history"><small>The opposing Pinsir's Pinsirite is reacting to the Key Stone!</small><br>The opposing Pinsir has Mega Evolved into Mega Pinsir!<br></div><div class="spacer battle-history"><br></div><div class="battle-history">The opposing Pinsir used <strong>Earthquake</strong>!<br></div><div class="battle-history"><small>It's super effective!</small><br></div><div class="battle-history"><small>(Magearna lost <abbr title="−232/364">63.7%</abbr> of its health!)</small><br></div><div class="spacer battle-history"><br></div><div class="battle-history">Magearna used <strong>Ice Beam</strong>!<br></div><div class="battle-history"><small>It's super effective!</small><br></div><div class="battle-history"><small>A critical hit!</small><br></div><div class="battle-history"><small>(The opposing Pinsir lost <abbr title="−204/271">75.3%</abbr> of its health!)</small><br></div><div class="spacer battle-history"><br></div><div class="battle-history">The opposing Pinsir fainted!<br></div><div class="battle-history"><small>[Magearna's Soul-Heart]</small><br></div><div class="battle-history"><small>Magearna's Special Attack rose!</small><br></div><div class="chat"><small>BHARATH_THEBEST joined.</small></div><div class="chat"><small>Googly joined.</small></div><div class="chat message-error">Lt41b Punny has 120 seconds left.</div><div class="spacer battle-history"><br></div><div class="battle-history">Lt41b Punny sent out <strong>Mimikyu</strong>!<br></div><div class="battle-history"><small>Pointed stones dug into the opposing Mimikyu!</small><br></div><div class="spacer battle-history"><br></div><h2 class="battle-history">Turn 14</h2><div class="spacer battle-history"><br></div><div class="battle-history">The opposing Mimikyu used <strong>Shadow Claw</strong>!<br></div><div class="battle-history"><small>A critical hit!</small><br></div><div class="battle-history"><small>(Magearna lost <abbr title="−13/364">3.6%</abbr> of its health!)</small><br></div><div class="battle-history"><small>The opposing Mimikyu lost some of its HP!</small><br></div><div class="spacer battle-history"><br></div><div class="battle-history">Magearna fainted!<br></div><div class="chat"><small>playerW17 joined.</small></div><div class="spacer battle-history"><br></div><div class="battle-history">Go! <strong>Mew</strong>!<br></div><div class="battle-history"><small>Pointed stones dug into Mew!</small><br></div><div class="spacer battle-history"><br></div><h2 class="battle-history">Turn 15</h2><div class="chat"><small>justiciable joined.</small></div><div class="chat"><small>LT41D INSULT joined.</small></div><div class="chat"><small>super mush joined.</small></div><div class="chat"><small>DDarken@@ joined.</small></div><div class="chat"><small>super mush left.</small></div><div class="chat"><small>Void joined.</small></div><div class="spacer battle-history"><br></div><div class="battle-history">Lt41b Punny withdrew Mimikyu!<br></div><div class="battle-history">Lt41b Punny sent out <strong>Manaphy</strong>!<br></div><div class="battle-history"><small>Pointed stones dug into the opposing Manaphy!</small><br></div><div class="spacer battle-history"><br></div><div class="battle-history">Mew used <strong>Ice Beam</strong>!<br></div><div class="battle-history"><small>It's not very effective...</small><br></div><div class="battle-history"><small>(The opposing Manaphy lost <abbr title="−32/341">9.4%</abbr> of its health!)</small><br></div><div class="spacer battle-history"><br></div><div class="battle-history"><small>The opposing Manaphy restored a little HP using its Leftovers!</small><br></div><div class="battle-history"><small>Mew restored a little HP using its Leftovers!</small><br></div><div class="spacer battle-history"><br></div><h2 class="battle-history">Turn 16</h2><div class="chat"><small>jefff winger joined.</small></div><div class="chat chatmessage-denisakathemenace"><strong style="color:hsl(345,47%,51.755992846473%);"><small> </small><span class="username" data-name="DenisAKAtheMenace">DenisAKAtheMenace</span>:</strong> <em>insult :o</em></div><div class="chat"><small>Halpak joined.</small></div><div class="chat"><small>gorgie joined.</small></div><div class="chat chatmessage-lt41dinsult"><strong style="color:hsl(27,43%,42.0337418464091%);"><small> </small><span class="username" data-name="LT41D INSULT">LT41D INSULT</span>:</strong> <em>hey</em></div><div class="chat"><small>yoppie joined.</small></div><div class="chat"><small>gogotesting joined.</small></div><div class="spacer battle-history"><br></div><div class="battle-history">The opposing Manaphy used <strong>Ice Beam</strong>!<br></div><div class="battle-history"><small>A critical hit!</small><br></div><div class="battle-history"><small>(Mew lost <abbr title="−145/404">35.9%</abbr> of its health!)</small><br></div><div class="spacer battle-history"><br></div><div class="battle-history">Mew used <strong>Roar</strong>!<br></div><div class="spacer battle-history"><br></div><div class="battle-history"><strong>Mimikyu</strong> was dragged out!<br></div><div class="battle-history"><small>Pointed stones dug into the opposing Mimikyu!</small><br></div><div class="spacer battle-history"><br></div><div class="battle-history"><small>Mew restored a little HP using its Leftovers!</small><br></div><div class="spacer battle-history"><br></div><h2 class="battle-history">Turn 17</h2><div class="chat"><small>pmtj6 joined.</small></div><div class="chat"><small>Pima joined.</small></div><div class="chat"><small>Br3to joined.</small></div><div class="chat"><small>Averardo III joined.</small></div><div class="chat"><small>kid.doms joined.</small></div><div class="chat chatmessage-lt41dinsult"><strong style="color:hsl(27,43%,42.0337418464091%);"><small> </small><span class="username" data-name="LT41D INSULT">LT41D INSULT</span>:</strong> <em>hope its ada</em></div><div class="chat message-error">Lt41b Punny has 120 seconds left.</div><div class="chat"><small>ids gzy joined.</small></div><div class="chat chatmessage-lt41csorry"><strong style="color:hsl(63,64%,37.05225753780159%);"><small> </small><span class="username" data-name="lt41c sorry">lt41c sorry</span>:</strong> <em>if its holly</em></div><div class="chat chatmessage-lt41csorry"><strong style="color:hsl(63,64%,37.05225753780159%);"><small> </small><span class="username" data-name="lt41c sorry">lt41c sorry</span>:</strong> <em>the game is over</em></div><div class="chat"><small>Rumor joined.</small></div><div class="chat"><small>jefff winger left.</small></div><div class="spacer battle-history"><br></div><div class="battle-history">Mew used <strong>Ice Beam</strong>!<br></div><div class="battle-history"><small>[The opposing Mimikyu's Disguise]</small><br><small>Its disguise served it as a decoy!</small><br></div><div class="battle-history"><small>(The opposing Mimikyu lost <abbr title="0/251">0%</abbr> of its health!)</small><br></div><div class="battle-history">The opposing Mimikyu's disguise was busted!<br></div><div class="spacer battle-history"><br></div><div class="battle-history">The opposing Mimikyu used <strong>Swords Dance</strong>!<br></div><div class="battle-history"><small>The opposing Mimikyu's Attack rose sharply!</small><br></div><div class="spacer battle-history"><br></div><div class="battle-history"><small>Mew restored a little HP using its Leftovers!</small><br></div><div class="spacer battle-history"><br></div><h2 class="battle-history">Turn 18</h2><div class="chat"><small>craing joined.</small></div><div class="chat"><small>Analytic joined.</small></div><div class="chat"><small>An OU noob joined.</small></div><div class="chat chatmessage-bharaththebest"><strong style="color:hsl(182,66%,43.77132352646108%);"><small> </small><span class="username" data-name="BHARATH_THEBEST">BHARATH_THEBEST</span>:</strong> <em>o</em></div><div class="chat chatmessage-denisakathemenace"><strong style="color:hsl(345,47%,51.755992846473%);"><small> </small><span class="username" data-name="DenisAKAtheMenace">DenisAKAtheMenace</span>:</strong> <em>o</em></div><div class="chat message-error">Lt41b Punny has 120 seconds left.</div><div class="chat chatmessage-rumor"><strong style="color:hsl(199,40%,43.73929930426668%);"><small>+</small><span class="username" data-name="Rumor">Rumor</span>:</strong> <em>o</em></div><div class="chat"><small>Yehitsme joined.</small></div><div class="chat chatmessage-analytic"><strong style="color:hsl(330,53%,48.2104604848%);"><small>+</small><span class="username" data-name="Analytic">Analytic</span>:</strong> <em>whys it over if its jolly</em></div><div class="chat chatmessage-lt41csorry"><strong style="color:hsl(63,64%,37.05225753780159%);"><small> </small><span class="username" data-name="lt41c sorry">lt41c sorry</span>:</strong> <em>kanto i want u to lose</em></div><div class="chat chatmessage-analytic"><strong style="color:hsl(330,53%,48.2104604848%);"><small>+</small><span class="username" data-name="Analytic">Analytic</span>:</strong> <em>lol</em></div><div class="chat chatmessage-lt41dinsult"><strong style="color:hsl(27,43%,42.0337418464091%);"><small> </small><span class="username" data-name="LT41D INSULT">LT41D INSULT</span>:</strong> <em>i forgot its this mew set</em></div><div class="chat chatmessage-lt41csorry"><strong style="color:hsl(63,64%,37.05225753780159%);"><small> </small><span class="username" data-name="lt41c sorry">lt41c sorry</span>:</strong> <em>btu i dont</em></div><div class="chat chatmessage-lt41csorry"><strong style="color:hsl(63,64%,37.05225753780159%);"><small> </small><span class="username" data-name="lt41c sorry">lt41c sorry</span>:</strong> <em>cuz ur using</em></div><div class="chat chatmessage-lt41csorry"><strong style="color:hsl(63,64%,37.05225753780159%);"><small> </small><span class="username" data-name="lt41c sorry">lt41c sorry</span>:</strong> <em>my team</em></div><div class="chat chatmessage-denisakathemenace"><strong style="color:hsl(345,47%,51.755992846473%);"><small> </small><span class="username" data-name="DenisAKAtheMenace">DenisAKAtheMenace</span>:</strong> <em>lol</em></div><div class="chat message-error">Lt41b Punny has 90 seconds left.</div><div class="chat"><small>Vore Gidal joined.</small></div><div class="chat"><small>Exterminator God joined.</small></div><div class="spacer battle-history"><br></div><div class="battle-history">The opposing Mimikyu used <strong>Shadow Sneak</strong>!<br></div><div class="battle-history"><small>It's super effective!</small><br></div><div class="battle-history"><small>(Mew lost <abbr title="−284/404">70.3%</abbr> of its health!)</small><br></div><div class="battle-history"><small>The opposing Mimikyu lost some of its HP!</small><br></div><div class="spacer battle-history"><br></div><div class="battle-history">Mew fainted!<br></div><div class="chat"><small>Chaos23333 joined.</small></div><div class="spacer battle-history"><br></div><div class="battle-history">Go! <strong>Greninja</strong>!<br></div><div class="battle-history"><small>Pointed stones dug into Greninja!</small><br></div><div class="spacer battle-history"><br></div><h2 class="battle-history">Turn 19</h2><div class="chat message-error">Lt41b Punny has 90 seconds left.</div><div class="spacer battle-history"><br></div><div class="battle-history">Lt41b Punny withdrew Mimikyu!<br></div><div class="battle-history">Lt41b Punny sent out <strong>Manaphy</strong>!<br></div><div class="battle-history"><small>Pointed stones dug into the opposing Manaphy!</small><br></div><div class="spacer battle-history"><br></div><div class="battle-history">Greninja used <strong>Ice Beam</strong>!<br></div><div class="spacer battle-history"><br></div><div class="battle-history"><small>[Greninja's Protean]</small><br><small>Greninja transformed into the Ice type!</small><br></div><div class="battle-history"><small>It's not very effective...</small><br></div><div class="battle-history"><small>(The opposing Manaphy lost <abbr title="−55/341">16.1%</abbr> of its health!)</small><br></div><div class="spacer battle-history"><br></div><div class="battle-history"><small>The opposing Manaphy restored a little HP using its Leftovers!</small><br></div><div class="spacer battle-history"><br></div><h2 class="battle-history">Turn 20</h2><div class="chat message-error">Lt41b Punny has 90 seconds left.</div><div class="spacer battle-history"><br></div><div class="battle-history">Greninja, come back!<br></div><div class="battle-history">Go! <strong>Latios</strong>!<br></div><div class="battle-history"><small>Pointed stones dug into Latios!</small><br></div><div class="spacer battle-history"><br></div><div class="battle-history">The opposing Manaphy used <strong>Surf</strong>!<br></div><div class="battle-history"><small>It's not very effective...</small><br></div><div class="battle-history"><small>(Latios lost <abbr title="−60/301">19.9%</abbr> of its health!)</small><br></div><div class="spacer battle-history"><br></div><div class="battle-history"><small>The opposing Manaphy restored a little HP using its Leftovers!</small><br></div><div class="spacer battle-history"><br></div><h2 class="battle-history">Turn 21</h2><div class="chat chatmessage-analytic"><strong style="color:hsl(330,53%,48.2104604848%);"><small>+</small><span class="username" data-name="Analytic">Analytic</span>:</strong> <em>ah.</em></div><div class="chat message-error">Lt41b Punny has 90 seconds left.</div><div class="spacer battle-history"><br></div><div class="battle-history">Latios used <strong>Draco Meteor</strong>!<br></div><div class="battle-history"><small>(The opposing Manaphy lost <abbr title="−101/341">29.6%</abbr> of its health!)</small><br></div><div class="battle-history"><small>Latios's Special Attack fell harshly!</small><br></div><div class="spacer battle-history"><br></div><div class="battle-history">The opposing Manaphy fainted!<br></div><div class="chat message-error">Lt41b Punny has 90 seconds left.</div><div class="spacer battle-history"><br></div><div class="battle-history">Lt41b Punny sent out Mimikyu (<strong>Mimikyu-Busted</strong>)!<br></div><div class="battle-history"><small>Pointed stones dug into the opposing Mimikyu!</small><br></div><div class="spacer battle-history"><br></div><h2 class="battle-history">Turn 22</h2><div class="chat message-error">Lt41b Punny has 90 seconds left.</div><div class="spacer battle-history"><br></div><div class="battle-history">The opposing Mimikyu used <strong>Shadow Sneak</strong>!<br></div><div class="battle-history"><small>It's super effective!</small><br></div><div class="battle-history"><small>A critical hit!</small><br></div><div class="battle-history"><small>(Latios lost <abbr title="−167/301">55.5%</abbr> of its health!)</small><br></div><div class="battle-history"><small>The opposing Mimikyu lost some of its HP!</small><br></div><div class="spacer battle-history"><br></div><div class="battle-history">Latios fainted!<br></div><div class="chat"><small>MarkLanders9 joined.</small></div><div class="spacer battle-history"><br></div><div class="battle-history">Go! <strong>Greninja</strong>!<br></div><div class="battle-history"><small>Pointed stones dug into Greninja!</small><br></div><div class="spacer battle-history"><br></div><h2 class="battle-history">Turn 23</h2><div class="chat chatmessage-analytic"><strong style="color:hsl(330,53%,48.2104604848%);"><small>+</small><span class="username" data-name="Analytic">Analytic</span>:</strong> <em>wait.</em></div><div class="chat chatmessage-lt41dinsult"><strong style="color:hsl(27,43%,42.0337418464091%);"><small> </small><span class="username" data-name="LT41D INSULT">LT41D INSULT</span>:</strong> <em>does e speed kill</em></div><div class="chat chatmessage-lt41dinsult"><strong style="color:hsl(27,43%,42.0337418464091%);"><small> </small><span class="username" data-name="LT41D INSULT">LT41D INSULT</span>:</strong> <em>hmm</em></div><div class="chat message-error">Lt41b Punny has 90 seconds left.</div><div class="chat chatmessage-analytic"><strong style="color:hsl(330,53%,48.2104604848%);"><small>+</small><span class="username" data-name="Analytic">Analytic</span>:</strong> <em>idts</em></div><div class="chat chatmessage-analytic"><strong style="color:hsl(330,53%,48.2104604848%);"><small>+</small><span class="username" data-name="Analytic">Analytic</span>:</strong> <em>unless cb</em></div><div class="spacer battle-history"><br></div><div class="battle-history">The opposing Mimikyu used <strong>Shadow Sneak</strong>!<br></div><div class="battle-history"><small>It's not very effective...</small><br></div><div class="battle-history"><small>(Greninja lost <abbr title="−60/285">21.1%</abbr> of its health!)</small><br></div><div class="battle-history"><small>The opposing Mimikyu lost some of its HP!</small><br></div><div class="spacer battle-history"><br></div><div class="battle-history">Greninja used <strong>Ice Beam</strong>!<br></div><div class="spacer battle-history"><br></div><div class="battle-history"><small>[Greninja's Protean]</small><br><small>Greninja transformed into the Ice type!</small><br></div><div class="battle-history"><small>(The opposing Mimikyu lost <abbr title="−2/251">0.8%</abbr> of its health!)</small><br></div><div class="spacer battle-history"><br></div><div class="battle-history">The opposing Mimikyu fainted!<br></div><div class="chat chatmessage-lt41dinsult"><strong style="color:hsl(27,43%,42.0337418464091%);"><small> </small><span class="username" data-name="LT41D INSULT">LT41D INSULT</span>:</strong> <em>its not</em></div><div class="spacer battle-history"><br></div><div class="battle-history">Lt41b Punny sent out <strong>Dragonite</strong>!<br></div><div class="battle-history"><small>Pointed stones dug into the opposing Dragonite!</small><br></div><div class="spacer battle-history"><br></div><h2 class="battle-history">Turn 24</h2><div class="chat chatmessage-void"><strong style="color:hsl(63,86%,31.049664210238536%);"><small> </small><span class="username" data-name="Void">Void</span>:</strong> <em>yea prob not</em></div><div class="chat chatmessage-lt41dinsult"><strong style="color:hsl(27,43%,42.0337418464091%);"><small> </small><span class="username" data-name="LT41D INSULT">LT41D INSULT</span>:</strong> <em>oh no sorry</em></div><div class="chat chatmessage-lt41zhquaze"><strong style="color:hsl(158,51%,33%);"><small> </small><span class="username" data-name="LT41Z HQuaze">LT41Z HQuaze</span>:</strong> <em>we critting here</em></div><div class="chat chatmessage-lt41dinsult"><strong style="color:hsl(27,43%,42.0337418464091%);"><small> </small><span class="username" data-name="LT41D INSULT">LT41D INSULT</span>:</strong> <em>u might have to find one</em></div><div class="chat chatmessage-pokemonmastertj"><strong style="color:hsl(26,75%,48%);"><small> </small><span class="username" data-name="PokemonMasterTJ">PokemonMasterTJ</span>:</strong> <em>it wont</em></div><div class="spacer battle-history"><br></div><div class="battle-history">The opposing Dragonite used <strong>Extreme Speed</strong>!<br></div><div class="battle-history"><small>A critical hit!</small><br></div><div class="battle-history"><small>(Greninja lost <abbr title="−155/285">54.4%</abbr> of its health!)</small><br></div><div class="spacer battle-history"><br></div><div class="battle-history">Greninja fainted!<br></div><div class="spacer battle-history"><br></div><div class="battle-history"><strong>Lt41b Punny</strong> won the battle!<br></div><div class="chat">lt41i kanto's rating: 2143 → <strong>2120</strong><br>(-23 for losing)</div><div class="chat">Lt41b Punny's rating: 2089 → <strong>2112</strong><br>(+23 for winning)</div><div class="chat chatmessage-lt41dinsult"><strong style="color:hsl(27,43%,42.0337418464091%);"><small> </small><span class="username" data-name="LT41D INSULT">LT41D INSULT</span>:</strong> <em>,</em></div><div class="chat chatmessage-lt41bpunny"><strong style="color:hsl(334,89%,45%);"><small>☆</small><span class="username" data-name="Lt41b Punny">Lt41b Punny</span>:</strong> <em>gg</em></div><div class="chat chatmessage-rekt"><strong style="color:hsl(214,89%,48.9005970764872%);"><small> </small><span class="username" data-name="rekt">rekt</span>:</strong> <em>bop</em></div><div class="chat chatmessage-lt41csorry"><strong style="color:hsl(63,64%,37.05225753780159%);"><small> </small><span class="username" data-name="lt41c sorry">lt41c sorry</span>:</strong> <em>YES</em></div><div class="chat chatmessage-lt41zhquaze"><strong style="color:hsl(158,51%,33%);"><small> </small><span class="username" data-name="LT41Z HQuaze">LT41Z HQuaze</span>:</strong> <em>Lol</em></div><div class="chat chatmessage-lt41dinsult"><strong style="color:hsl(27,43%,42.0337418464091%);"><small> </small><span class="username" data-name="LT41D INSULT">LT41D INSULT</span>:</strong> <em>e</em></div><div class="chat chatmessage-michy47"><strong style="color:hsl(276,52%,55.15079855472641%);"><small> </small><span class="username" data-name="Michy47">Michy47</span>:</strong> <em>lol</em></div><div class="chat chatmessage-playerw17"><strong style="color:hsl(191,73%,40.333333333333336%);"><small>+</small><span class="username" data-name="playerW17">playerW17</span>:</strong> <em>LOL</em></div><div class="chat chatmessage-pokemonmastertj"><strong style="color:hsl(26,75%,48%);"><small> </small><span class="username" data-name="PokemonMasterTJ">PokemonMasterTJ</span>:</strong> <em>lol.</em></div><div class="chat chatmessage-gorgie"><strong style="color:hsl(38,66%,35.72186754012938%);"><small> </small><span class="username" data-name="gorgie">gorgie</span>:</strong> <em>rofl</em></div><div class="chat chatmessage-lt41dinsult"><strong style="color:hsl(27,43%,42.0337418464091%);"><small> </small><span class="username" data-name="LT41D INSULT">LT41D INSULT</span>:</strong> <em>fr</em></div><div class="chat chatmessage-lt41zhquaze"><strong style="color:hsl(158,51%,33%);"><small> </small><span class="username" data-name="LT41Z HQuaze">LT41Z HQuaze</span>:</strong> <em>QHAT</em></div><div class="chat chatmessage-cdumas"><strong style="color:hsl(69,49%,41.83059843325539%);"><small> </small><span class="username" data-name="Cdumas">Cdumas</span>:</strong> <em>so dumb</em></div><div class="chat chatmessage-denisakathemenace"><strong style="color:hsl(345,47%,51.755992846473%);"><small> </small><span class="username" data-name="DenisAKAtheMenace">DenisAKAtheMenace</span>:</strong> <em>LOOL</em></div><div class="chat chatmessage-googly"><strong style="color:hsl(230,68%,60.07462995101014%);"><small> </small><span class="username" data-name="Googly">Googly</span>:</strong> <em>!</em></div><div class="chat chatmessage-lt41dinsult"><strong style="color:hsl(27,43%,42.0337418464091%);"><small> </small><span class="username" data-name="LT41D INSULT">LT41D INSULT</span>:</strong> <em>RLY</em></div><div class="chat chatmessage-lt41zhquaze"><strong style="color:hsl(158,51%,33%);"><small> </small><span class="username" data-name="LT41Z HQuaze">LT41Z HQuaze</span>:</strong> <em>DID U JUST</em></div><div class="chat chatmessage-lt41xniko"><strong style="color:hsl(165,69%,31%);"><small> </small><span class="username" data-name="Lt41x Niko">Lt41x Niko</span>:</strong> <em>if -def</em></div><div class="chat chatmessage-cdumas"><strong style="color:hsl(69,49%,41.83059843325539%);"><small> </small><span class="username" data-name="Cdumas">Cdumas</span>:</strong> <em>why not sd</em></div><div class="chat chatmessage-lt41zhquaze"><strong style="color:hsl(158,51%,33%);"><small> </small><span class="username" data-name="LT41Z HQuaze">LT41Z HQuaze</span>:</strong> <em>SAY</em></div><div class="chat chatmessage-lt41bpunny"><strong style="color:hsl(334,89%,45%);"><small>☆</small><span class="username" data-name="Lt41b Punny">Lt41b Punny</span>:</strong> <em>sorry</em></div><div class="chat chatmessage-lt41zhquaze"><strong style="color:hsl(158,51%,33%);"><small> </small><span class="username" data-name="LT41Z HQuaze">LT41Z HQuaze</span>:</strong> <em>- goat</em></div><div class="chat chatmessage-lt41csorry"><strong style="color:hsl(63,64%,37.05225753780159%);"><small> </small><span class="username" data-name="lt41c sorry">lt41c sorry</span>:</strong> <em>YEZS</em></div><div class="chat chatmessage-lt41bpunny"><strong style="color:hsl(334,89%,45%);"><small>☆</small><span class="username" data-name="Lt41b Punny">Lt41b Punny</span>:</strong> <em>btw</em></div><div class="chat chatmessage-lt41xniko"><strong style="color:hsl(165,69%,31%);"><small> </small><span class="username" data-name="Lt41x Niko">Lt41x Niko</span>:</strong> <em>didnt matter</em></div><div class="chat chatmessage-lt41dinsult"><strong style="color:hsl(27,43%,42.0337418464091%);"><small> </small><span class="username" data-name="LT41D INSULT">LT41D INSULT</span>:</strong> <em>Who says gg after that</em></div><div class="chat"><small>MarkLanders9 left.</small></div><div class="chat chatmessage-lt41csorry"><strong style="color:hsl(63,64%,37.05225753780159%);"><small> </small><span class="username" data-name="lt41c sorry">lt41c sorry</span>:</strong> <em>YESSSS</em></div><div class="chat chatmessage-gorgie"><strong style="color:hsl(38,66%,35.72186754012938%);"><small> </small><span class="username" data-name="gorgie">gorgie</span>:</strong> <em>monx</em></div><div class="chat chatmessage-lt41xniko"><strong style="color:hsl(165,69%,31%);"><small> </small><span class="username" data-name="Lt41x Niko">Lt41x Niko</span>:</strong> <em>if -spdef</em></div><div class="chat chatmessage-lt41xniko"><strong style="color:hsl(165,69%,31%);"><small> </small><span class="username" data-name="Lt41x Niko">Lt41x Niko</span>:</strong> <em>was roll</em></div><div class="chat"><small>lt41i kanto left.</small></div><div class="chat"><small>Googly left.</small></div><div class="chat"><small>super mush joined.</small></div><div class="chat chatmessage-lt41bpunny"><strong style="color:hsl(334,89%,45%);"><small>☆</small><span class="username" data-name="Lt41b Punny">Lt41b Punny</span>:</strong> <em>i mean insult</em></div><div class="chat"><small>ABR joined.</small></div><div class="chat chatmessage-void"><strong style="color:hsl(63,86%,31.049664210238536%);"><small> </small><span class="username" data-name="Void">Void</span>:</strong> <em>my god</em></div><div class="chat"><small>lt41c sorry left.</small></div><div class="chat"><small>Alexander^%%% left.</small></div><div class="chat chatmessage-denisakathemenace"><strong style="color:hsl(345,47%,51.755992846473%);"><small> </small><span class="username" data-name="DenisAKAtheMenace">DenisAKAtheMenace</span>:</strong> <em>Is Quaze human?</em></div><div class="chat chatmessage-lt41bpunny"><strong style="color:hsl(334,89%,45%);"><small>☆</small><span class="username" data-name="Lt41b Punny">Lt41b Punny</span>:</strong> <em>he played</em></div><div class="chat"><small>lt41c sorry joined.</small></div><div class="chat chatmessage-lt41bpunny"><strong style="color:hsl(334,89%,45%);"><small>☆</small><span class="username" data-name="Lt41b Punny">Lt41b Punny</span>:</strong> <em>well</em></div><div class="chat"><small>gorgie left.</small></div><div class="chat"><small>rekt left.</small></div><div class="chat chatmessage-lt41dinsult"><strong style="color:hsl(27,43%,42.0337418464091%);"><small> </small><span class="username" data-name="LT41D INSULT">LT41D INSULT</span>:</strong> <em>ah</em></div><div class="chat"><small>super mush left.</small></div><div class="chat chatmessage-lt41dinsult"><strong style="color:hsl(27,43%,42.0337418464091%);"><small> </small><span class="username" data-name="LT41D INSULT">LT41D INSULT</span>:</strong> <em>i see</em></div><div class="chat"><small>Michy47 left.</small></div><div class="chat"><small>justiciable left.</small></div><div class="chat"><small>LT41D INSULT left.</small></div><div class="chat chatmessage-lt41bpunny"><strong style="color:hsl(334,89%,45%);"><small>☆</small><span class="username" data-name="Lt41b Punny">Lt41b Punny</span>:</strong> <em>so why noy say gg</em></div><div class="chat"><small>lt41c sorry left.</small></div><div class="chat"><small>LUCK&gt;SKILL left.</small></div><div class="chat chatmessage-playerw17"><strong style="color:hsl(191,73%,40.333333333333336%);"><small>+</small><span class="username" data-name="playerW17">playerW17</span>:</strong> <em>252 Atk Dragonite Extreme Speed vs. 0 HP / 0 Def Greninja: 124-147 (43.5 - 51.5%) -- 9.8% chance to 2HKO</em></div><div class="chat"><small>Chaos23333 left.</small></div><div class="chat chatmessage-lt41xniko"><strong style="color:hsl(165,69%,31%);"><small> </small><span class="username" data-name="Lt41x Niko">Lt41x Niko</span>:</strong> <em>ada</em></div><div class="chat chatmessage-analytic"><strong style="color:hsl(330,53%,48.2104604848%);"><small>+</small><span class="username" data-name="Analytic">Analytic</span>:</strong> <em>lol</em></div><div class="chat"><small>lt41 career ended left.</small></div><div class="chat chatmessage-lt41bpunny"><strong style="color:hsl(334,89%,45%);"><small>☆</small><span class="username" data-name="Lt41b Punny">Lt41b Punny</span>:</strong> <em>adamant</em></div><div class="chat"><small>perfecte left.</small></div><div class="chat chatmessage-lt41bpunny"><strong style="color:hsl(334,89%,45%);"><small>☆</small><span class="username" data-name="Lt41b Punny">Lt41b Punny</span>:</strong> <em>lol.</em></div><div class="chat"><small>misakalv5 left.</small></div><div class="chat"><small>yoppie left.</small></div><div class="chat"><small>z0mog joined.</small></div><div class="chat chatmessage-lt41zhquaze"><strong style="color:hsl(158,51%,33%);"><small> </small><span class="username" data-name="LT41Z HQuaze">LT41Z HQuaze</span>:</strong> <em>it's ada.</em></div><div class="chat chatmessage-playerw17"><strong style="color:hsl(191,73%,40.333333333333336%);"><small>+</small><span class="username" data-name="playerW17">playerW17</span>:</strong> <em>252+ Atk Dragonite Extreme Speed vs. 0 HP / 0 Def Greninja: 136-161 (47.7 - 56.4%) -- 85.9% chance to 2HKO</em></div><div class="chat"><small>Lt41b Punny left.</small></div><div class="chat"><small>BHARATH_THEBEST left.</small></div><div class="chat chatmessage-playerw17"><strong style="color:hsl(191,73%,40.333333333333336%);"><small>+</small><span class="username" data-name="playerW17">playerW17</span>:</strong> <em>yea</em></div><div class="chat"><small>MarkLanders9 joined.</small></div><div class="chat chatmessage-playerw17"><strong style="color:hsl(191,73%,40.333333333333336%);"><small>+</small><span class="username" data-name="playerW17">playerW17</span>:</strong> <em>u coulda gotten it</em></div><div class="chat"><small>Tay7ay joined.</small></div><div class="chat"><small>ids gzy left.</small></div><div class="chat chatmessage-playerw17"><strong style="color:hsl(191,73%,40.333333333333336%);"><small>+</small><span class="username" data-name="playerW17">playerW17</span>:</strong> <em>but a really poor roll</em></div><div class="chat"><small>Analytic left.</small></div><div class="chat"><small>DenisAKAtheMenace left.</small></div><div class="chat chatmessage-lt41xniko"><strong style="color:hsl(165,69%,31%);"><small> </small><span class="username" data-name="Lt41x Niko">Lt41x Niko</span>:</strong> <em>could be -def</em></div><div class="chat"><small>tsmugs left.</small></div><div class="chat"><small>Vore Gidal left.</small></div><div class="chat"><small>MarkLanders9 left.</small></div><div class="chat chatmessage-lt41zhquaze"><strong style="color:hsl(158,51%,33%);"><small> </small><span class="username" data-name="LT41Z HQuaze">LT41Z HQuaze</span>:</strong> <em>^</em></div><div class="chat chatmessage-lt41xniko"><strong style="color:hsl(165,69%,31%);"><small> </small><span class="username" data-name="Lt41x Niko">Lt41x Niko</span>:</strong> <em>if i remember well it is</em></div><div class="chat"><small>LT41Z HQuaze left.</small></div><div class="chat"><small>PokemonMasterTJ left.</small></div><div class="chat"><small>sSantu left.</small></div><div class="chat"><small>Ridaz left.</small></div><div class="chat"><small>acerola cherry left.</small></div><div class="chat"><small>z0mog left.</small></div><div class="chat"><small>ABR left.</small></div><div class="chat"><small>gogotesting left.</small></div><div class="chat"><small>Averardo III left.</small></div><div class="chat"><small>Lt41x Niko left.</small></div><div class="chat"><small>Halpak left.</small></div><div class="chat"><small>kid.doms left.</small></div><div class="chat"><small>Void left.</small></div><div class="chat"><small>Zaettsu left.</small></div><div class="chat"><small>Cdumas left.</small></div><div class="chat"><small>Tay7ay left.</small></div><div class="chat"><small>playerW17 left.</small></div><div class="chat"><small>An OU noob left.</small></div><div class="chat"><small>Xyiavez left.</small></div><div class="chat"><small>craing left.</small></div><div class="chat"><small>fantasticapples left.</small></div><div class="chat"><small>DDarken@@ left.</small></div><div class="chat"><small>Rumor left.</small></div><div class="chat"><small>Br3to left.</small></div><div class="chat"><small>Liones ~ left.</small></div><div class="chat"><small>Pima left.</small></div></div><div class="inner-preempt"></div></div></div>
</div>
<script>
let daily = Math.floor(Date.now()/1000/60/60/24);document.write('<script src="https://play.pokemonshowdown.com/js/replay-embed.js?version'+daily+'"></'+'script>');
</script>
