<!DOCTYPE html>
<meta charset="utf-8" />
<!-- version 1 -->
<title>[Gen 7] OU replay: lt41p empo vs. LT41A ABR</title>
<style>
html,body {font-family:Verdana, sans-serif;font-size:10pt;margin:0;padding:0;}body{padding:12px 0;} .battle-log {font-family:Verdana, sans-serif;font-size:10pt;} .battle-log-inline {border:1px solid #AAAAAA;background:#EEF2F5;color:black;max-width:640px;margin:0 auto 80px;padding-bottom:5px;} .battle-log .inner {padding:4px 8px 0px 8px;} .battle-log .inner-preempt {padding:0 8px 4px 8px;} .battle-log .inner-after {margin-top:0.5em;} .battle-log h2 {margin:0.5em -8px;padding:4px 8px;border:1px solid #AAAAAA;background:#E0E7EA;border-left:0;border-right:0;font-family:Verdana, sans-serif;font-size:13pt;} .battle-log .chat {vertical-align:middle;padding:3px 0 3px 0;font-size:8pt;} .battle-log .chat strong {color:#40576A;} .battle-log .chat em {padding:1px 4px 1px 3px;color:#000000;font-style:normal;} .chat.mine {background:rgba(0,0,0,0.05);margin-left:-8px;margin-right:-8px;padding-left:8px;padding-right:8px;} .spoiler {color:#BBBBBB;background:#BBBBBB;padding:0px 3px;} .spoiler:hover, .spoiler:active, .spoiler-shown {color:#000000;background:#E2E2E2;padding:0px 3px;} .spoiler a {color:#BBBBBB;} .spoiler:hover a, .spoiler:active a, .spoiler-shown a {color:#2288CC;} .chat code, .chat .spoiler:hover code, .chat .spoiler:active code, .chat .spoiler-shown code {border:1px solid #C0C0C0;background:#EEEEEE;color:black;padding:0 2px;} .chat .spoiler code {border:1px solid #CCCCCC;background:#CCCCCC;color:#CCCCCC;} .battle-log .rated {padding:3px 4px;} .battle-log .rated strong {color:white;background:#89A;padding:1px 4px;border-radius:4px;} .spacer {margin-top:0.5em;} .message-announce {background:#6688AA;color:white;padding:1px 4px 2px;} .message-announce a, .broadcast-green a, .broadcast-blue a, .broadcast-red a {color:#DDEEFF;} .broadcast-green {background-color:#559955;color:white;padding:2px 4px;} .broadcast-blue {background-color:#6688AA;color:white;padding:2px 4px;} .infobox {border:1px solid #6688AA;padding:2px 4px;} .infobox-limited {max-height:200px;overflow:auto;overflow-x:hidden;} .broadcast-red {background-color:#AA5544;color:white;padding:2px 4px;} .message-learn-canlearn {font-weight:bold;color:#228822;text-decoration:underline;} .message-learn-cannotlearn {font-weight:bold;color:#CC2222;text-decoration:underline;} .message-effect-weak {font-weight:bold;color:#CC2222;} .message-effect-resist {font-weight:bold;color:#6688AA;} .message-effect-immune {font-weight:bold;color:#666666;} .message-learn-list {margin-top:0;margin-bottom:0;} .message-throttle-notice, .message-error {color:#992222;} .message-overflow, .chat small.message-overflow {font-size:0pt;} .message-overflow::before {font-size:9pt;content:'...';} .subtle {color:#3A4A66;}
</style>
<div class="wrapper replay-wrapper" style="max-width:1180px;margin:0 auto">
<input type="hidden" name="replayid" value="gen7ou-614758491" />
<div class="battle"></div><div class="battle-log"></div><div class="replay-controls"></div><div class="replay-controls-2"></div>
<h1 style="font-weight:normal;text-align:center"><strong>[Gen 7] OU</strong><br /><a href="http://pokemonshowdown.com/users/lt41pempo" class="subtle" target="_blank">lt41p empo</a> vs. <a href="http://pokemonshowdown.com/users/lt41aabr" class="subtle" target="_blank">LT41A ABR</a></h1>
<script type="text/plain" class="battle-log-data">|j|lt41p empo
|j|LT41A ABR
|player|p1|lt41p empo|1
|teamsize|p1|6
|player|p2|LT41A ABR|262
|teamsize|p2|6
|gametype|singles
|gen|7
|tier|[Gen 7] OU
|rated
|seed|30871,17160,4570,64199
|rule|Sleep Clause Mod: Limit one foe put to sleep
|rule|Species Clause: Limit one of each Pokémon
|rule|OHKO Clause: OHKO moves are banned
|rule|Moody Clause: Moody is banned
|rule|Evasion Moves Clause: Evasion moves are banned
|rule|Endless Battle Clause: Forcing endless battles is banned
|rule|HP Percentage Mod: HP is shown in percentages
|clearpoke
|poke|p1|Pinsir, F|item
|poke|p1|Manaphy|item
|poke|p1|Dragonite, M|item
|poke|p1|Excadrill, M|item
|poke|p1|Mimikyu, F|item
|poke|p1|Azelf|item
|poke|p2|Sableye, M|item
|poke|p2|Dugtrio, M|item
|poke|p2|Tangrowth, M|item
|poke|p2|Zapdos|item
|poke|p2|Toxapex, M|item
|poke|p2|Magearna|item
|teampreview
|c|☆LT41A ABR|\/log LT41A ABR made this room hidden.
|j|Pyriz
|j|Relyxs
|c|☆LT41A ABR|\/log LT41A ABR made this room public.
|J|dondandon
|j|justiciable
|choice|team 2, team 1, team 3, team 4, team 5, team 6|team 2, team 1, team 3, team 4, team 5, team 6
|
|start
|switch|p1a: Manaphy|Manaphy|341\/341
|switch|p2a: Dugtrio|Dugtrio, M|215\/215
|turn|1
|choice|move tailglow|switch 6
|
|switch|p2a: Magearna|Magearna|363\/363
|move|p1a: Manaphy|Tail Glow|p1a: Manaphy
|-boost|p1a: Manaphy|spa|3
|
|upkeep
|turn|2
|choice|move surf|move fleurcannon
|
|move|p1a: Manaphy|Surf|p2a: Magearna
|-damage|p2a: Magearna|213\/363
|move|p2a: Magearna|Fleur Cannon|p1a: Manaphy
|-damage|p1a: Manaphy|155\/341
|-unboost|p2a: Magearna|spa|2
|
|-heal|p1a: Manaphy|176\/341|[from] item: Leftovers
|upkeep
|turn|3
|choice|switch 4|move voltswitch
|
|switch|p1a: Excadrill|Excadrill, M|361\/361
|-ability|p1a: Excadrill|Mold Breaker
|move|p2a: Magearna|Volt Switch|p1a: Excadrill
|-immune|p1a: Excadrill|[msg]
|
|upkeep
|turn|4
|choice|switch 4|move aurasphere
|
|switch|p1a: Manaphy|Manaphy|176\/341
|move|p2a: Magearna|Aura Sphere|p1a: Manaphy
|-damage|p1a: Manaphy|135\/341
|
|-heal|p1a: Manaphy|156\/341|[from] item: Leftovers
|upkeep
|turn|5
|c| Relyxs|empo where did you get that team from?
|j|beesoooo
|j|LT41 H HQuaze
|c| Relyxs|ive saw it b4
|choice|switch 4|move aurasphere
|
|switch|p1a: Excadrill|Excadrill, M|361\/361
|-ability|p1a: Excadrill|Mold Breaker
|move|p2a: Magearna|Aura Sphere|p1a: Excadrill
|-supereffective|p1a: Excadrill
|-damage|p1a: Excadrill|251\/361
|
|upkeep
|turn|6
|j|acerola cherry
|choice|switch 4|switch 4
|
|switch|p1a: Manaphy|Manaphy|156\/341
|switch|p2a: Zapdos|Zapdos|321\/321
|-ability|p2a: Zapdos|Pressure
|
|-heal|p1a: Manaphy|177\/341|[from] item: Leftovers
|upkeep
|turn|7
|choice|move icebeam|move hiddenpower
|
|move|p1a: Manaphy|Ice Beam|p2a: Zapdos
|-supereffective|p2a: Zapdos
|-damage|p2a: Zapdos|127\/321
|move|p2a: Zapdos|Hidden Power|p1a: Manaphy
|-resisted|p1a: Manaphy
|-damage|p1a: Manaphy|143\/341
|
|-heal|p2a: Zapdos|147\/321|[from] item: Leftovers
|-heal|p1a: Manaphy|164\/341|[from] item: Leftovers
|upkeep
|turn|8
|choice|move icebeam|move discharge
|
|move|p1a: Manaphy|Ice Beam|p2a: Zapdos
|-supereffective|p2a: Zapdos
|-damage|p2a: Zapdos|0 fnt
|faint|p2a: Zapdos
|
|-heal|p1a: Manaphy|185\/341|[from] item: Leftovers
|upkeep
|j|lt41p praj
|c|☆LT41A ABR|sigh
|j|z0mog
|choice||switch 4
|
|switch|p2a: Magearna|Magearna|213\/363
|turn|9
|c| acerola cherry|btw hquaze
|c|☆lt41p empo|idgi i didnt even hax
|j|rhdqdfzf
|c| acerola cherry|u shouldnt have reset ur record so many times
|j|Heinsenburgers
|j|jefff winger
|c| acerola cherry|if there's a tie you lose tiebreaker
|choice|switch 4|move fleurcannon
|
|switch|p1a: Excadrill|Excadrill, M|251\/361
|-ability|p1a: Excadrill|Mold Breaker
|move|p2a: Magearna|Fleur Cannon|p1a: Excadrill
|-resisted|p1a: Excadrill
|-damage|p1a: Excadrill|120\/361
|-unboost|p2a: Magearna|spa|2
|
|upkeep
|turn|10
|choice|move stealthrock|switch 6
|
|switch|p2a: Dugtrio|Dugtrio, M|215\/215
|move|p1a: Excadrill|Stealth Rock|p2a: Dugtrio
|-sidestart|p2: LT41A ABR|move: Stealth Rock
|
|upkeep
|turn|11
|choice|move stealthrock|move earthquake
|
|move|p2a: Dugtrio|Earthquake|p1a: Excadrill
|-supereffective|p1a: Excadrill
|-damage|p1a: Excadrill|0 fnt
|faint|p1a: Excadrill
|
|upkeep
|choice|switch 2|
|
|switch|p1a: Pinsir|Pinsir, F|271\/271
|turn|12
|c|☆LT41A ABR|gg
|-message|LT41A ABR forfeited.
|
|win|lt41p empo
|raw|lt41p empo's rating: 2055 &rarr; <strong>2078<\/strong><br \/>(+23 for winning)
|raw|LT41A ABR's rating: 2108 &rarr; <strong>2085<\/strong><br \/>(-23 for losing)
|l|LT41A ABR
|c|☆lt41p empo|gg.
|l|lt41p empo
|l|rhdqdfzf
|l|lt41p praj
|L|dondandon
|l|Relyxs
|l|Pyriz
|l|justiciable
|j|Xyiavez
|l|Xyiavez
|c| Heinsenburgers|lol
|l|acerola cherry
|j|LT41A Michy
|c| Heinsenburgers|what happened
|j|Ary
|j|acerola cherry
|l|acerola cherry
|l|LT41A Michy
|l|Heinsenburgers</script>
</div>
<div class="battle-log battle-log-inline"><div class="inner"><div class="battle-options"></div><div class="inner"><div class="chat"><small>lt41p empo joined.</small></div><div class="chat"><small>LT41A ABR joined.</small></div><div class=""><small>Format:</small> <br><strong>[Gen 7] OU</strong></div><div class="rated"><strong>Rated battle</strong></div><div class=""><small><em>Sleep Clause Mod:</em> Limit one foe put to sleep</small></div><div class=""><small><em>Species Clause:</em> Limit one of each Pokémon</small></div><div class=""><small><em>OHKO Clause:</em> OHKO moves are banned</small></div><div class=""><small><em>Moody Clause:</em> Moody is banned</small></div><div class=""><small><em>Evasion Moves Clause:</em> Evasion moves are banned</small></div><div class=""><small><em>Endless Battle Clause:</em> Forcing endless battles is banned</small></div><div class=""><small><em>HP Percentage Mod:</em> HP is shown in percentages</small></div><div class="chat battle-history"><strong>lt41p empo's team:</strong> <em style="color:#445566;display:block;">Pinsir / Manaphy / Dragonite / Excadrill / Mimikyu / Azelf</em></div><div class="chat battle-history"><strong>LT41A ABR's team:</strong> <em style="color:#445566;display:block;">Sableye / Dugtrio / Tangrowth / Zapdos / Toxapex / Magearna</em></div><div class="chat chatmessage-lt41aabr"><span class="message-log">LT41A ABR made this room hidden.</span></div><div class="chat"><small>Pyriz joined.</small></div><div class="chat"><small>Relyxs joined.</small></div><div class="chat chatmessage-lt41aabr"><span class="message-log">LT41A ABR made this room public.</span></div><div class="chat"><small>justiciable joined.</small></div><div class="spacer battle-history"><br></div><div class="battle-history">Battle started between lt41p empo and LT41A ABR!<br></div><div class="spacer battle-history"><br></div><div class="battle-history">Go! <strong>Manaphy</strong>!<br></div><div class="spacer battle-history"><br></div><div class="battle-history">LT41A ABR sent out <strong>Dugtrio</strong>!<br></div><div class="spacer battle-history"><br></div><h2 class="battle-history">Turn 1</h2><div class="spacer battle-history"><br></div><div class="battle-history">LT41A ABR withdrew Dugtrio!<br></div><div class="battle-history">LT41A ABR sent out <strong>Magearna</strong>!<br></div><div class="spacer battle-history"><br></div><div class="battle-history">Manaphy used <strong>Tail Glow</strong>!<br></div><div class="battle-history"><small>Manaphy's Special Attack rose drastically!</small><br></div><div class="spacer battle-history"><br></div><h2 class="battle-history">Turn 2</h2><div class="spacer battle-history"><br></div><div class="battle-history">Manaphy used <strong>Surf</strong>!<br></div><div class="battle-history"><small>(The opposing Magearna lost <abbr title="−150/363">41.3%</abbr> of its health!)</small><br></div><div class="spacer battle-history"><br></div><div class="battle-history">The opposing Magearna used <strong>Fleur Cannon</strong>!<br></div><div class="battle-history"><small>(Manaphy lost <abbr title="−186/341">54.5%</abbr> of its health!)</small><br></div><div class="battle-history"><small>The opposing Magearna's Special Attack fell harshly!</small><br></div><div class="spacer battle-history"><br></div><div class="battle-history"><small>Manaphy restored a little HP using its Leftovers!</small><br></div><div class="spacer battle-history"><br></div><h2 class="battle-history">Turn 3</h2><div class="spacer battle-history"><br></div><div class="battle-history">Manaphy, come back!<br></div><div class="battle-history">Go! <strong>Excadrill</strong>!<br></div><div class="battle-history"><small>[Excadrill's Mold Breaker]</small><br><small>Excadrill breaks the mold!</small><br></div><div class="spacer battle-history"><br></div><div class="battle-history">The opposing Magearna used <strong>Volt Switch</strong>!<br></div><div class="battle-history"><small>It doesn't affect Excadrill...</small><br></div><div class="spacer battle-history"><br></div><h2 class="battle-history">Turn 4</h2><div class="spacer battle-history"><br></div><div class="battle-history">Excadrill, come back!<br></div><div class="battle-history">Go! <strong>Manaphy</strong>!<br></div><div class="spacer battle-history"><br></div><div class="battle-history">The opposing Magearna used <strong>Aura Sphere</strong>!<br></div><div class="battle-history"><small>(Manaphy lost <abbr title="−41/341">12.0%</abbr> of its health!)</small><br></div><div class="spacer battle-history"><br></div><div class="battle-history"><small>Manaphy restored a little HP using its Leftovers!</small><br></div><div class="spacer battle-history"><br></div><h2 class="battle-history">Turn 5</h2><div class="chat chatmessage-relyxs"><strong style="color:hsl(320,85%,47%);"><small> </small><span class="username" data-name="Relyxs">Relyxs</span>:</strong> <em>empo where did you get that team from?</em></div><div class="chat"><small>beesoooo joined.</small></div><div class="chat"><small>LT41 H HQuaze joined.</small></div><div class="chat chatmessage-relyxs"><strong style="color:hsl(320,85%,47%);"><small> </small><span class="username" data-name="Relyxs">Relyxs</span>:</strong> <em>ive saw it b4</em></div><div class="spacer battle-history"><br></div><div class="battle-history">Manaphy, come back!<br></div><div class="battle-history">Go! <strong>Excadrill</strong>!<br></div><div class="battle-history"><small>[Excadrill's Mold Breaker]</small><br><small>Excadrill breaks the mold!</small><br></div><div class="spacer battle-history"><br></div><div class="battle-history">The opposing Magearna used <strong>Aura Sphere</strong>!<br></div><div class="battle-history"><small>It's super effective!</small><br></div><div class="battle-history"><small>(Excadrill lost <abbr title="−110/361">30.5%</abbr> of its health!)</small><br></div><div class="spacer battle-history"><br></div><h2 class="battle-history">Turn 6</h2><div class="chat"><small>acerola cherry joined.</small></div><div class="spacer battle-history"><br></div><div class="battle-history">Excadrill, come back!<br></div><div class="battle-history">Go! <strong>Manaphy</strong>!<br></div><div class="spacer battle-history"><br></div><div class="battle-history">LT41A ABR withdrew Magearna!<br></div><div class="battle-history">LT41A ABR sent out <strong>Zapdos</strong>!<br></div><div class="battle-history"><small>[The opposing Zapdos's Pressure]</small><br><small>The opposing Zapdos is exerting its pressure!</small><br></div><div class="spacer battle-history"><br></div><div class="battle-history"><small>Manaphy restored a little HP using its Leftovers!</small><br></div><div class="spacer battle-history"><br></div><h2 class="battle-history">Turn 7</h2><div class="spacer battle-history"><br></div><div class="battle-history">Manaphy used <strong>Ice Beam</strong>!<br></div><div class="battle-history"><small>It's super effective!</small><br></div><div class="battle-history"><small>(The opposing Zapdos lost <abbr title="−194/321">60.4%</abbr> of its health!)</small><br></div><div class="spacer battle-history"><br></div><div class="battle-history">The opposing Zapdos used <strong>Hidden Power</strong>!<br></div><div class="battle-history"><small>It's not very effective...</small><br></div><div class="battle-history"><small>(Manaphy lost <abbr title="−34/341">10.0%</abbr> of its health!)</small><br></div><div class="spacer battle-history"><br></div><div class="battle-history"><small>The opposing Zapdos restored a little HP using its Leftovers!</small><br></div><div class="battle-history"><small>Manaphy restored a little HP using its Leftovers!</small><br></div><div class="spacer battle-history"><br></div><h2 class="battle-history">Turn 8</h2><div class="spacer battle-history"><br></div><div class="battle-history">Manaphy used <strong>Ice Beam</strong>!<br></div><div class="battle-history"><small>It's super effective!</small><br></div><div class="battle-history"><small>(The opposing Zapdos lost <abbr title="−147/321">45.8%</abbr> of its health!)</small><br></div><div class="spacer battle-history"><br></div><div class="battle-history">The opposing Zapdos fainted!<br></div><div class="spacer battle-history"><br></div><div class="battle-history"><small>Manaphy restored a little HP using its Leftovers!</small><br></div><div class="chat"><small>lt41p praj joined.</small></div><div class="chat chatmessage-lt41aabr"><strong style="color:hsl(250,60%,63.42760749166666%);"><small>☆</small><span class="username" data-name="LT41A ABR">LT41A ABR</span>:</strong> <em>sigh</em></div><div class="chat"><small>z0mog joined.</small></div><div class="spacer battle-history"><br></div><div class="battle-history">LT41A ABR sent out <strong>Magearna</strong>!<br></div><div class="spacer battle-history"><br></div><h2 class="battle-history">Turn 9</h2><div class="chat chatmessage-acerolacherry"><strong style="color:hsl(145,59%,41.59344497747641%);"><small> </small><span class="username" data-name="acerola cherry">acerola cherry</span>:</strong> <em>btw hquaze</em></div><div class="chat chatmessage-lt41pempo"><strong style="color:hsl(151,85%,34.00658491602953%);"><small>☆</small><span class="username" data-name="lt41p empo">lt41p empo</span>:</strong> <em>idgi i didnt even hax</em></div><div class="chat"><small>rhdqdfzf joined.</small></div><div class="chat chatmessage-acerolacherry"><strong style="color:hsl(145,59%,41.59344497747641%);"><small> </small><span class="username" data-name="acerola cherry">acerola cherry</span>:</strong> <em>u shouldnt have reset ur record so many times</em></div><div class="chat"><small>Heinsenburgers joined.</small></div><div class="chat"><small>jefff winger joined.</small></div><div class="chat chatmessage-acerolacherry"><strong style="color:hsl(145,59%,41.59344497747641%);"><small> </small><span class="username" data-name="acerola cherry">acerola cherry</span>:</strong> <em>if there's a tie you lose tiebreaker</em></div><div class="spacer battle-history"><br></div><div class="battle-history">Manaphy, come back!<br></div><div class="battle-history">Go! <strong>Excadrill</strong>!<br></div><div class="battle-history"><small>[Excadrill's Mold Breaker]</small><br><small>Excadrill breaks the mold!</small><br></div><div class="spacer battle-history"><br></div><div class="battle-history">The opposing Magearna used <strong>Fleur Cannon</strong>!<br></div><div class="battle-history"><small>It's not very effective...</small><br></div><div class="battle-history"><small>(Excadrill lost <abbr title="−131/361">36.3%</abbr> of its health!)</small><br></div><div class="battle-history"><small>The opposing Magearna's Special Attack fell harshly!</small><br></div><div class="spacer battle-history"><br></div><h2 class="battle-history">Turn 10</h2><div class="spacer battle-history"><br></div><div class="battle-history">LT41A ABR withdrew Magearna!<br></div><div class="battle-history">LT41A ABR sent out <strong>Dugtrio</strong>!<br></div><div class="spacer battle-history"><br></div><div class="battle-history">Excadrill used <strong>Stealth Rock</strong>!<br></div><div class="battle-history"><small>Pointed stones float in the air around the opposing team!</small><br></div><div class="spacer battle-history"><br></div><h2 class="battle-history">Turn 11</h2><div class="spacer battle-history"><br></div><div class="battle-history">The opposing Dugtrio used <strong>Earthquake</strong>!<br></div><div class="battle-history"><small>It's super effective!</small><br></div><div class="battle-history"><small>(Excadrill lost <abbr title="−120/361">33.2%</abbr> of its health!)</small><br></div><div class="spacer battle-history"><br></div><div class="battle-history">Excadrill fainted!<br></div><div class="spacer battle-history"><br></div><div class="battle-history">Go! <strong>Pinsir</strong>!<br></div><div class="spacer battle-history"><br></div><h2 class="battle-history">Turn 12</h2><div class="chat chatmessage-lt41aabr"><strong style="color:hsl(250,60%,63.42760749166666%);"><small>☆</small><span class="username" data-name="LT41A ABR">LT41A ABR</span>:</strong> <em>gg</em></div><div class="spacer battle-history"><br></div><div class="battle-history"><small>LT41A ABR forfeited.</small><br></div><div class="spacer battle-history"><br></div><div class="battle-history"><strong>lt41p empo</strong> won the battle!<br></div><div class="chat">lt41p empo's rating: 2055 → <strong>2078</strong><br>(+23 for winning)</div><div class="chat">LT41A ABR's rating: 2108 → <strong>2085</strong><br>(-23 for losing)</div><div class="chat"><small>LT41A ABR left.</small></div><div class="chat chatmessage-lt41pempo"><strong style="color:hsl(151,85%,34.00658491602953%);"><small>☆</small><span class="username" data-name="lt41p empo">lt41p empo</span>:</strong> <em>gg.</em></div><div class="chat"><small>lt41p empo left.</small></div><div class="chat"><small>rhdqdfzf left.</small></div><div class="chat"><small>lt41p praj left.</small></div><div class="chat"><small>Relyxs left.</small></div><div class="chat"><small>Pyriz left.</small></div><div class="chat"><small>justiciable left.</small></div><div class="chat"><small>Xyiavez joined.</small></div><div class="chat"><small>Xyiavez left.</small></div><div class="chat chatmessage-heinsenburgers"><strong style="color:hsl(247,55%,63.321359369288366%);"><small> </small><span class="username" data-name="Heinsenburgers">Heinsenburgers</span>:</strong> <em>lol</em></div><div class="chat"><small>acerola cherry left.</small></div><div class="chat"><small>LT41A Michy joined.</small></div><div class="chat chatmessage-heinsenburgers"><strong style="color:hsl(247,55%,63.321359369288366%);"><small> </small><span class="username" data-name="Heinsenburgers">Heinsenburgers</span>:</strong> <em>what happened</em></div><div class="chat"><small>Ary joined.</small></div><div class="chat"><small>acerola cherry joined.</small></div><div class="chat"><small>acerola cherry left.</small></div><div class="chat"><small>LT41A Michy left.</small></div><div class="chat"><small>Heinsenburgers left.</small></div></div><div class="inner-preempt"></div></div></div>
</div>
<script>
let daily = Math.floor(Date.now()/1000/60/60/24);document.write('<script src="https://play.pokemonshowdown.com/js/replay-embed.js?version'+daily+'"></'+'script>');
</script>
