<!DOCTYPE html>
<meta charset="utf-8" />
<!-- version 1 -->
<title>[Gen 7] OU replay: lt51np egc vs. LT51NP Kory</title>
<style>
html,body {font-family:Verdana, sans-serif;font-size:10pt;margin:0;padding:0;}body{padding:12px 0;} .battle-log {font-family:Verdana, sans-serif;font-size:10pt;} .battle-log-inline {border:1px solid #AAAAAA;background:#EEF2F5;color:black;max-width:640px;margin:0 auto 80px;padding-bottom:5px;} .battle-log .inner {padding:4px 8px 0px 8px;} .battle-log .inner-preempt {padding:0 8px 4px 8px;} .battle-log .inner-after {margin-top:0.5em;} .battle-log h2 {margin:0.5em -8px;padding:4px 8px;border:1px solid #AAAAAA;background:#E0E7EA;border-left:0;border-right:0;font-family:Verdana, sans-serif;font-size:13pt;} .battle-log .chat {vertical-align:middle;padding:3px 0 3px 0;font-size:8pt;} .battle-log .chat strong {color:#40576A;} .battle-log .chat em {padding:1px 4px 1px 3px;color:#000000;font-style:normal;} .chat.mine {background:rgba(0,0,0,0.05);margin-left:-8px;margin-right:-8px;padding-left:8px;padding-right:8px;} .spoiler {color:#BBBBBB;background:#BBBBBB;padding:0px 3px;} .spoiler:hover, .spoiler:active, .spoiler-shown {color:#000000;background:#E2E2E2;padding:0px 3px;} .spoiler a {color:#BBBBBB;} .spoiler:hover a, .spoiler:active a, .spoiler-shown a {color:#2288CC;} .chat code, .chat .spoiler:hover code, .chat .spoiler:active code, .chat .spoiler-shown code {border:1px solid #C0C0C0;background:#EEEEEE;color:black;padding:0 2px;} .chat .spoiler code {border:1px solid #CCCCCC;background:#CCCCCC;color:#CCCCCC;} .battle-log .rated {padding:3px 4px;} .battle-log .rated strong {color:white;background:#89A;padding:1px 4px;border-radius:4px;} .spacer {margin-top:0.5em;} .message-announce {background:#6688AA;color:white;padding:1px 4px 2px;} .message-announce a, .broadcast-green a, .broadcast-blue a, .broadcast-red a {color:#DDEEFF;} .broadcast-green {background-color:#559955;color:white;padding:2px 4px;} .broadcast-blue {background-color:#6688AA;color:white;padding:2px 4px;} .infobox {border:1px solid #6688AA;padding:2px 4px;} .infobox-limited {max-height:200px;overflow:auto;overflow-x:hidden;} .broadcast-red {background-color:#AA5544;color:white;padding:2px 4px;} .message-learn-canlearn {font-weight:bold;color:#228822;text-decoration:underline;} .message-learn-cannotlearn {font-weight:bold;color:#CC2222;text-decoration:underline;} .message-effect-weak {font-weight:bold;color:#CC2222;} .message-effect-resist {font-weight:bold;color:#6688AA;} .message-effect-immune {font-weight:bold;color:#666666;} .message-learn-list {margin-top:0;margin-bottom:0;} .message-throttle-notice, .message-error {color:#992222;} .message-overflow, .chat small.message-overflow {font-size:0pt;} .message-overflow::before {font-size:9pt;content:'...';} .subtle {color:#3A4A66;}
</style>
<div class="wrapper replay-wrapper" style="max-width:1180px;margin:0 auto">
<input type="hidden" name="replayid" value="gen7ou-779475942" />
<div class="battle"></div><div class="battle-log"></div><div class="replay-controls"></div><div class="replay-controls-2"></div>
<h1 style="font-weight:normal;text-align:center"><strong>[Gen 7] OU</strong><br /><a href="http://pokemonshowdown.com/users/lt51npegc" class="subtle" target="_blank">lt51np egc</a> vs. <a href="http://pokemonshowdown.com/users/lt51npkory" class="subtle" target="_blank">LT51NP Kory</a></h1>
<script type="text/plain" class="battle-log-data">|j|☆lt51np egc
|j|☆LT51NP Kory
|player|p1|lt51np egc|23
|player|p2|LT51NP Kory|48
|teamsize|p1|6
|teamsize|p2|6
|gametype|singles
|gen|7
|tier|[Gen 7] OU
|rated|
|rule|Sleep Clause Mod: Limit one foe put to sleep
|rule|Species Clause: Limit one of each Pokémon
|rule|OHKO Clause: OHKO moves are banned
|rule|Moody Clause: Moody is banned
|rule|Evasion Moves Clause: Evasion moves are banned
|rule|Endless Battle Clause: Forcing endless battles is banned
|rule|HP Percentage Mod: HP is shown in percentages
|clearpoke
|poke|p1|Ninetales-Alola, F|item
|poke|p1|Porygon-Z|item
|poke|p1|Excadrill, F|item
|poke|p1|Gyarados, F|item
|poke|p1|Scolipede, M|item
|poke|p1|Latias, F|item
|poke|p2|Tornadus-Therian, M|item
|poke|p2|Gastrodon, M|item
|poke|p2|Heatran, M|item
|poke|p2|Zygarde|item
|poke|p2|Greninja, M|item
|poke|p2|Scizor, F|item
|teampreview
|j| BerenandLuthien
|
|start
|switch|p1a: Gyarados|Gyarados, F|100\/100
|switch|p2a: Greninja|Greninja, M|100\/100
|-ability|p1a: Gyarados|Intimidate|boost
|-unboost|p2a: Greninja|atk|1
|turn|1
|
|-zpower|p2a: Greninja
|move|p2a: Greninja|Shattered Psyche|p1a: Gyarados|[zeffect]
|-start|p2a: Greninja|typechange|Psychic|[from] Protean
|-damage|p1a: Gyarados|22\/100
|move|p1a: Gyarados|Dragon Dance|p1a: Gyarados
|-boost|p1a: Gyarados|atk|1
|-boost|p1a: Gyarados|spe|1
|
|upkeep
|turn|2
|j| lalajoc
|
|switch|p1a: Ninetales|Ninetales-Alola, F|100\/100
|-weather|Hail|[from] ability: Snow Warning|[of] p1a: Ninetales
|move|p2a: Greninja|Extrasensory|p1a: Ninetales
|-damage|p1a: Ninetales|64\/100
|
|-weather|Hail|[upkeep]
|-damage|p2a: Greninja|95\/100|[from] Hail
|upkeep
|turn|3
|
|move|p2a: Greninja|Hidden Power|p1a: Ninetales
|-start|p2a: Greninja|typechange|Fire|[from] Protean
|-supereffective|p1a: Ninetales
|-damage|p1a: Ninetales|10\/100
|move|p1a: Ninetales|Aurora Veil|p1a: Ninetales
|-sidestart|p1: lt51np egc|move: Aurora Veil
|
|-weather|Hail|[upkeep]
|-damage|p2a: Greninja|89\/100|[from] Hail
|upkeep
|turn|4
|j| erfee
|j|‽Charmflash Jiggles
|
|switch|p1a: Excadrill|Excadrill, F|100\/100
|-ability|p1a: Excadrill|Mold Breaker
|move|p2a: Greninja|Extrasensory|p1a: Excadrill
|-start|p2a: Greninja|typechange|Psychic|[from] Protean
|-resisted|p1a: Excadrill
|-damage|p1a: Excadrill|89\/100
|
|-weather|Hail|[upkeep]
|-damage|p1a: Excadrill|83\/100|[from] Hail
|-damage|p2a: Greninja|83\/100|[from] Hail
|upkeep
|turn|5
|
|switch|p2a: Tornadus|Tornadus-Therian, M|100\/100
|move|p1a: Excadrill|Stealth Rock|p2a: Tornadus
|-sidestart|p2: LT51NP Kory|move: Stealth Rock
|
|-weather|Hail|[upkeep]
|-damage|p1a: Excadrill|77\/100|[from] Hail
|-damage|p2a: Tornadus|94\/100|[from] Hail
|upkeep
|turn|6
|
|switch|p1a: Latias|Latias, F|100\/100
|move|p2a: Tornadus|Defog|p1a: Latias
|-unboost|p1a: Latias|evasion|1
|-sideend|p1: lt51np egc|move: Aurora Veil
|-sideend|p2: LT51NP Kory|Stealth Rock|[from] move: Defog|[of] p2a: Tornadus
|
|-weather|none
|upkeep
|turn|7
|
|move|p1a: Latias|Healing Wish|p1a: Latias
|faint|p1a: Latias
|move|p2a: Tornadus|U-turn|p1: Latias|[notarget]
|-notarget
|
|upkeep
|
|switch|p1a: Gyarados|Gyarados, F|22\/100
|-heal|p1a: Gyarados|100\/100|[from] move: Healing Wish
|-ability|p1a: Gyarados|Intimidate|boost
|-unboost|p2a: Tornadus|atk|1
|turn|8
|
|move|p2a: Tornadus|U-turn|p1a: Gyarados
|-resisted|p1a: Gyarados
|-damage|p1a: Gyarados|95\/100
|
|switch|p2a: Zygarde|Zygarde|100\/100
|-ability|p2a: Zygarde|Aura Break
|move|p1a: Gyarados|Dragon Dance|p1a: Gyarados
|-boost|p1a: Gyarados|atk|1
|-boost|p1a: Gyarados|spe|1
|
|upkeep
|turn|9
|
|detailschange|p1a: Gyarados|Gyarados-Mega, F
|-mega|p1a: Gyarados|Gyarados|Gyaradosite
|-ability|p1a: Gyarados|Mold Breaker
|move|p2a: Zygarde|Extreme Speed|p1a: Gyarados
|-damage|p1a: Gyarados|59\/100
|move|p1a: Gyarados|Crunch|p2a: Zygarde
|-damage|p2a: Zygarde|37\/100
|
|upkeep
|turn|10
|
|move|p2a: Zygarde|Extreme Speed|p1a: Gyarados
|-damage|p1a: Gyarados|24\/100
|move|p1a: Gyarados|Crunch|p2a: Zygarde
|-damage|p2a: Zygarde|0 fnt
|faint|p2a: Zygarde
|
|upkeep
|
|switch|p2a: Tornadus|Tornadus-Therian, M|100\/100
|turn|11
|
|move|p1a: Gyarados|Crunch|p2a: Tornadus
|-damage|p2a: Tornadus|21\/100
|-damage|p1a: Gyarados|7\/100|[from] item: Rocky Helmet|[of] p2a: Tornadus
|move|p2a: Tornadus|U-turn|p1a: Gyarados
|-supereffective|p1a: Gyarados
|-damage|p1a: Gyarados|0 fnt
|faint|p1a: Gyarados
|j|+Cdumas
|
|switch|p2a: Scizor|Scizor, F|100\/100
|
|upkeep
|j| Orichalcos seel
|
|switch|p1a: Porygon-Z|Porygon-Z|100\/100
|turn|12
|
|detailschange|p2a: Scizor|Scizor-Mega, F
|-mega|p2a: Scizor|Scizor|Scizorite
|-zpower|p1a: Porygon-Z
|move|p1a: Porygon-Z|Breakneck Blitz|p2a: Scizor|[zeffect]
|-resisted|p2a: Scizor
|-damage|p2a: Scizor|33\/100
|move|p2a: Scizor|U-turn|p1a: Porygon-Z
|-damage|p1a: Porygon-Z|51\/100
|j| qahhhhhaaaa
|
|switch|p2a: Heatran|Heatran, M|100\/100
|
|upkeep
|turn|13
|
|switch|p1a: Ninetales|Ninetales-Alola, F|10\/100
|-weather|Hail|[from] ability: Snow Warning|[of] p1a: Ninetales
|move|p2a: Heatran|Stealth Rock|p1a: Ninetales
|-sidestart|p1: lt51np egc|move: Stealth Rock
|
|-weather|Hail|[upkeep]
|-damage|p2a: Heatran|94\/100|[from] Hail
|-heal|p2a: Heatran|100\/100|[from] item: Leftovers
|upkeep
|turn|14
|
|switch|p2a: Greninja|Greninja, M|83\/100
|move|p1a: Ninetales|Hypnosis|p2a: Greninja
|-status|p2a: Greninja|slp
|
|-weather|Hail|[upkeep]
|-damage|p2a: Greninja|77\/100 slp|[from] Hail
|upkeep
|turn|15
|
|switch|p2a: Scizor|Scizor-Mega, F|33\/100
|switch|p1a: Excadrill|Excadrill, F|77\/100
|-damage|p1a: Excadrill|74\/100|[from] Stealth Rock
|-ability|p1a: Excadrill|Mold Breaker
|
|-weather|Hail|[upkeep]
|-damage|p1a: Excadrill|68\/100|[from] Hail
|-damage|p2a: Scizor|27\/100|[from] Hail
|upkeep
|turn|16
|
|move|p1a: Excadrill|Rapid Spin|p2a: Scizor
|-resisted|p2a: Scizor
|-damage|p2a: Scizor|25\/100
|-sideend|p1: lt51np egc|Stealth Rock|[from] move: Rapid Spin|[of] p1a: Excadrill
|move|p2a: Scizor|Roost|p2a: Scizor
|-heal|p2a: Scizor|75\/100
|
|-weather|Hail|[upkeep]
|-damage|p1a: Excadrill|62\/100|[from] Hail
|-damage|p2a: Scizor|69\/100|[from] Hail
|upkeep
|turn|17
|
|switch|p1a: Porygon-Z|Porygon-Z|51\/100
|move|p2a: Scizor|Curse|p2a: Scizor
|-unboost|p2a: Scizor|spe|1
|-boost|p2a: Scizor|atk|1
|-boost|p2a: Scizor|def|1
|
|-weather|none
|upkeep
|turn|18
|
|move|p2a: Scizor|Bullet Punch|p1a: Porygon-Z
|-damage|p1a: Porygon-Z|0 fnt
|faint|p1a: Porygon-Z
|
|upkeep
|
|switch|p1a: Excadrill|Excadrill, F|62\/100
|-ability|p1a: Excadrill|Mold Breaker
|turn|19
|
|move|p1a: Excadrill|Earthquake|p2a: Scizor
|-damage|p2a: Scizor|46\/100
|move|p2a: Scizor|Roost|p2a: Scizor
|-heal|p2a: Scizor|96\/100
|
|upkeep
|turn|20
|
|move|p2a: Scizor|Bullet Punch|p1a: Excadrill
|-resisted|p1a: Excadrill
|-damage|p1a: Excadrill|28\/100
|move|p1a: Excadrill|Earthquake|p2a: Scizor
|-damage|p2a: Scizor|75\/100
|
|upkeep
|turn|21
|
|move|p2a: Scizor|Bullet Punch|p1a: Excadrill
|-resisted|p1a: Excadrill
|-damage|p1a: Excadrill|0 fnt
|faint|p1a: Excadrill
|
|upkeep
|-message|lt51np egc forfeited.
|
|win|LT51NP Kory
|raw|lt51np egc's rating: 2067 &rarr; <strong>2045<\/strong><br \/>(-22 for losing)
|raw|LT51NP Kory's rating: 2038 &rarr; <strong>2060<\/strong><br \/>(+22 for winning)
|j| LT51NP Simia
|l|+Cdumas
|l|☆lt51np egc
|l| qahhhhhaaaa
|l|‽Charmflash Jiggles
|l| Orichalcos seel
|l| lalajoc
|l|☆LT51NP Kory
|l| LT51NP Simia
|l| BerenandLuthien
</script>
</div>
<div class="battle-log battle-log-inline"><div class="inner"><div class="battle-options"></div><div class="inner"><div class="chat"><small>☆lt51np egc joined.</small></div><div class="chat"><small>☆LT51NP Kory joined.</small></div><div class=""><small>Format:</small> <br><strong>[Gen 7] OU</strong></div><div class="rated"><strong>Rated battle</strong></div><div class=""><small><em>Sleep Clause Mod:</em> Limit one foe put to sleep</small></div><div class=""><small><em>Species Clause:</em> Limit one of each Pokémon</small></div><div class=""><small><em>OHKO Clause:</em> OHKO moves are banned</small></div><div class=""><small><em>Moody Clause:</em> Moody is banned</small></div><div class=""><small><em>Evasion Moves Clause:</em> Evasion moves are banned</small></div><div class=""><small><em>Endless Battle Clause:</em> Forcing endless battles is banned</small></div><div class=""><small><em>HP Percentage Mod:</em> HP is shown in percentages</small></div><div class="chat battle-history"><strong>lt51np egc's team:</strong> <em style="color:#445566;display:block;">Ninetales-Alola / Porygon-Z / Excadrill / Gyarados / Scolipede / Latias</em></div><div class="chat battle-history"><strong>LT51NP Kory's team:</strong> <em style="color:#445566;display:block;">Tornadus-Therian / Gastrodon / Heatran / Zygarde / Greninja / Scizor</em></div><div class="chat"><small> BerenandLuthien joined.</small></div><div class="spacer battle-history"><br></div><div class="battle-history">Battle started between lt51np egc and LT51NP Kory!<br></div><div class="spacer battle-history"><br></div><div class="battle-history">Go! <strong>Gyarados</strong>!<br></div><div class="spacer battle-history"><br></div><div class="battle-history">LT51NP Kory sent out <strong>Greninja</strong>!<br></div><div class="battle-history"><small>[Gyarados's Intimidate]</small><br></div><div class="battle-history"><small>The opposing Greninja's Attack fell!</small><br></div><div class="spacer battle-history"><br></div><h2 class="battle-history">Turn 1</h2><div class="spacer battle-history"><br></div><div class="battle-history"><small>The opposing Greninja surrounded itself with its Z-Power!</small><br></div><div class="spacer battle-history"><br></div><div class="battle-history">The opposing Greninja used <strong>Shattered Psyche</strong>!<br></div><div class="spacer battle-history"><br></div><div class="battle-history"><small>[The opposing Greninja's Protean]</small><br><small>The opposing Greninja transformed into the Psychic type!</small><br></div><div class="battle-history"><small>(Gyarados lost 78% of its health!)</small><br></div><div class="spacer battle-history"><br></div><div class="battle-history">Gyarados used <strong>Dragon Dance</strong>!<br></div><div class="battle-history"><small>Gyarados's Attack rose!</small><br></div><div class="battle-history"><small>Gyarados's Speed rose!</small><br></div><div class="spacer battle-history"><br></div><h2 class="battle-history">Turn 2</h2><div class="chat"><small> lalajoc joined.</small></div><div class="spacer battle-history"><br></div><div class="battle-history">Gyarados, come back!<br></div><div class="battle-history">Go! Ninetales (<strong>Ninetales-Alola</strong>)!<br></div><div class="battle-history"><small>[Ninetales's Snow Warning]</small><br><small>It started to hail!</small><br></div><div class="spacer battle-history"><br></div><div class="battle-history">The opposing Greninja used <strong>Extrasensory</strong>!<br></div><div class="battle-history"><small>(Ninetales lost 36% of its health!)</small><br></div><div class="spacer battle-history"><br></div><div class="battle-history"><small>The hail is crashing down.</small><br></div><div class="battle-history"><small>The opposing Greninja is buffeted by the hail!</small><br></div><div class="spacer battle-history"><br></div><h2 class="battle-history">Turn 3</h2><div class="spacer battle-history"><br></div><div class="battle-history">The opposing Greninja used <strong>Hidden Power</strong>!<br></div><div class="spacer battle-history"><br></div><div class="battle-history"><small>[The opposing Greninja's Protean]</small><br><small>The opposing Greninja transformed into the Fire type!</small><br></div><div class="battle-history"><small>It's super effective!</small><br></div><div class="battle-history"><small>(Ninetales lost 54% of its health!)</small><br></div><div class="spacer battle-history"><br></div><div class="battle-history">Ninetales used <strong>Aurora Veil</strong>!<br></div><div class="battle-history"><small>Aurora Veil made your team stronger against physical and special moves!</small><br></div><div class="spacer battle-history"><br></div><div class="battle-history"><small>The hail is crashing down.</small><br></div><div class="battle-history"><small>The opposing Greninja is buffeted by the hail!</small><br></div><div class="spacer battle-history"><br></div><h2 class="battle-history">Turn 4</h2><div class="chat"><small> erfee joined.</small></div><div class="chat"><small>‽Charmflash Jiggles joined.</small></div><div class="spacer battle-history"><br></div><div class="battle-history">Ninetales, come back!<br></div><div class="battle-history">Go! <strong>Excadrill</strong>!<br></div><div class="battle-history"><small>[Excadrill's Mold Breaker]</small><br><small>Excadrill breaks the mold!</small><br></div><div class="spacer battle-history"><br></div><div class="battle-history">The opposing Greninja used <strong>Extrasensory</strong>!<br></div><div class="spacer battle-history"><br></div><div class="battle-history"><small>[The opposing Greninja's Protean]</small><br><small>The opposing Greninja transformed into the Psychic type!</small><br></div><div class="battle-history"><small>It's not very effective...</small><br></div><div class="battle-history"><small>(Excadrill lost 11% of its health!)</small><br></div><div class="spacer battle-history"><br></div><div class="battle-history"><small>The hail is crashing down.</small><br></div><div class="battle-history"><small>Excadrill is buffeted by the hail!</small><br></div><div class="battle-history"><small>The opposing Greninja is buffeted by the hail!</small><br></div><div class="spacer battle-history"><br></div><h2 class="battle-history">Turn 5</h2><div class="spacer battle-history"><br></div><div class="battle-history">LT51NP Kory withdrew Greninja!<br></div><div class="battle-history">LT51NP Kory sent out Tornadus (<strong>Tornadus-Therian</strong>)!<br></div><div class="spacer battle-history"><br></div><div class="battle-history">Excadrill used <strong>Stealth Rock</strong>!<br></div><div class="battle-history"><small>Pointed stones float in the air around the opposing team!</small><br></div><div class="spacer battle-history"><br></div><div class="battle-history"><small>The hail is crashing down.</small><br></div><div class="battle-history"><small>Excadrill is buffeted by the hail!</small><br></div><div class="battle-history"><small>The opposing Tornadus is buffeted by the hail!</small><br></div><div class="spacer battle-history"><br></div><h2 class="battle-history">Turn 6</h2><div class="spacer battle-history"><br></div><div class="battle-history">Excadrill, come back!<br></div><div class="battle-history">Go! <strong>Latias</strong>!<br></div><div class="spacer battle-history"><br></div><div class="battle-history">The opposing Tornadus used <strong>Defog</strong>!<br></div><div class="battle-history"><small>Latias's evasiveness fell!</small><br></div><div class="battle-history"><small>Your team's Aurora Veil wore off!</small><br></div><div class="battle-history"><small>The pointed stones disappeared from around the opposing team!</small><br></div><div class="spacer battle-history"><br></div><div class="battle-history"><small>The hail stopped.</small><br></div><div class="spacer battle-history"><br></div><h2 class="battle-history">Turn 7</h2><div class="spacer battle-history"><br></div><div class="battle-history">Latias used <strong>Healing Wish</strong>!<br></div><div class="spacer battle-history"><br></div><div class="battle-history">Latias fainted!<br></div><div class="battle-history">The opposing Tornadus used <strong>U-turn</strong>!<br></div><div class="battle-history"><small>But there was no target...</small><br></div><div class="spacer battle-history"><br></div><div class="battle-history">Go! <strong>Gyarados</strong>!<br></div><div class="battle-history"><small>The healing wish came true for Gyarados!</small><br></div><div class="battle-history"><small>[Gyarados's Intimidate]</small><br></div><div class="battle-history"><small>The opposing Tornadus's Attack fell!</small><br></div><div class="spacer battle-history"><br></div><h2 class="battle-history">Turn 8</h2><div class="spacer battle-history"><br></div><div class="battle-history">The opposing Tornadus used <strong>U-turn</strong>!<br></div><div class="battle-history"><small>It's not very effective...</small><br></div><div class="battle-history"><small>(Gyarados lost 5% of its health!)</small><br></div><div class="spacer battle-history"><br></div><div class="battle-history">The opposing Tornadus went back to LT51NP Kory!<br></div><div class="battle-history">LT51NP Kory sent out <strong>Zygarde</strong>!<br></div><div class="battle-history"><small>[The opposing Zygarde's Aura Break]</small><br><small>The opposing Zygarde reversed all other Pokémon's auras!</small><br></div><div class="spacer battle-history"><br></div><div class="battle-history">Gyarados used <strong>Dragon Dance</strong>!<br></div><div class="battle-history"><small>Gyarados's Attack rose!</small><br></div><div class="battle-history"><small>Gyarados's Speed rose!</small><br></div><div class="spacer battle-history"><br></div><h2 class="battle-history">Turn 9</h2><div class="spacer battle-history"><br></div><div class="battle-history"><small>Gyarados's Gyaradosite is reacting to the Key Stone!</small><br>Gyarados has Mega Evolved into Mega Gyarados!<br></div><div class="battle-history"><small>[Gyarados's Mold Breaker]</small><br><small>Gyarados breaks the mold!</small><br></div><div class="spacer battle-history"><br></div><div class="battle-history">The opposing Zygarde used <strong>Extreme Speed</strong>!<br></div><div class="battle-history"><small>(Gyarados lost 36% of its health!)</small><br></div><div class="spacer battle-history"><br></div><div class="battle-history">Gyarados used <strong>Crunch</strong>!<br></div><div class="battle-history"><small>(The opposing Zygarde lost 63% of its health!)</small><br></div><div class="spacer battle-history"><br></div><h2 class="battle-history">Turn 10</h2><div class="spacer battle-history"><br></div><div class="battle-history">The opposing Zygarde used <strong>Extreme Speed</strong>!<br></div><div class="battle-history"><small>(Gyarados lost 35% of its health!)</small><br></div><div class="spacer battle-history"><br></div><div class="battle-history">Gyarados used <strong>Crunch</strong>!<br></div><div class="battle-history"><small>(The opposing Zygarde lost 37% of its health!)</small><br></div><div class="spacer battle-history"><br></div><div class="battle-history">The opposing Zygarde fainted!<br></div><div class="spacer battle-history"><br></div><div class="battle-history">LT51NP Kory sent out Tornadus (<strong>Tornadus-Therian</strong>)!<br></div><div class="spacer battle-history"><br></div><h2 class="battle-history">Turn 11</h2><div class="spacer battle-history"><br></div><div class="battle-history">Gyarados used <strong>Crunch</strong>!<br></div><div class="battle-history"><small>(The opposing Tornadus lost 79% of its health!)</small><br></div><div class="battle-history"><small>Gyarados was hurt by the Rocky Helmet!</small><br></div><div class="spacer battle-history"><br></div><div class="battle-history">The opposing Tornadus used <strong>U-turn</strong>!<br></div><div class="battle-history"><small>It's super effective!</small><br></div><div class="battle-history"><small>(Gyarados lost 7% of its health!)</small><br></div><div class="spacer battle-history"><br></div><div class="battle-history">Gyarados fainted!<br></div><div class="chat"><small>+Cdumas joined.</small></div><div class="spacer battle-history"><br></div><div class="battle-history">The opposing Tornadus went back to LT51NP Kory!<br></div><div class="battle-history">LT51NP Kory sent out <strong>Scizor</strong>!<br></div><div class="chat"><small> Orichalcos seel joined.</small></div><div class="spacer battle-history"><br></div><div class="battle-history">Go! <strong>Porygon-Z</strong>!<br></div><div class="spacer battle-history"><br></div><h2 class="battle-history">Turn 12</h2><div class="spacer battle-history"><br></div><div class="battle-history"><small>The opposing Scizor's Scizorite is reacting to the Key Stone!</small><br>The opposing Scizor has Mega Evolved into Mega Scizor!<br></div><div class="battle-history"><small>Porygon-Z surrounded itself with its Z-Power!</small><br></div><div class="spacer battle-history"><br></div><div class="battle-history">Porygon-Z used <strong>Breakneck Blitz</strong>!<br></div><div class="battle-history"><small>It's not very effective...</small><br></div><div class="battle-history"><small>(The opposing Scizor lost 67% of its health!)</small><br></div><div class="spacer battle-history"><br></div><div class="battle-history">The opposing Scizor used <strong>U-turn</strong>!<br></div><div class="battle-history"><small>(Porygon-Z lost 49% of its health!)</small><br></div><div class="chat"><small> qahhhhhaaaa joined.</small></div><div class="spacer battle-history"><br></div><div class="battle-history">The opposing Scizor went back to LT51NP Kory!<br></div><div class="battle-history">LT51NP Kory sent out <strong>Heatran</strong>!<br></div><div class="spacer battle-history"><br></div><h2 class="battle-history">Turn 13</h2><div class="spacer battle-history"><br></div><div class="battle-history">Porygon-Z, come back!<br></div><div class="battle-history">Go! Ninetales (<strong>Ninetales-Alola</strong>)!<br></div><div class="battle-history"><small>[Ninetales's Snow Warning]</small><br><small>It started to hail!</small><br></div><div class="spacer battle-history"><br></div><div class="battle-history">The opposing Heatran used <strong>Stealth Rock</strong>!<br></div><div class="battle-history"><small>Pointed stones float in the air around your team!</small><br></div><div class="spacer battle-history"><br></div><div class="battle-history"><small>The hail is crashing down.</small><br></div><div class="battle-history"><small>The opposing Heatran is buffeted by the hail!</small><br></div><div class="battle-history"><small>The opposing Heatran restored a little HP using its Leftovers!</small><br></div><div class="spacer battle-history"><br></div><h2 class="battle-history">Turn 14</h2><div class="spacer battle-history"><br></div><div class="battle-history">LT51NP Kory withdrew Heatran!<br></div><div class="battle-history">LT51NP Kory sent out <strong>Greninja</strong>!<br></div><div class="spacer battle-history"><br></div><div class="battle-history">Ninetales used <strong>Hypnosis</strong>!<br></div><div class="battle-history"><small>The opposing Greninja fell asleep!</small><br></div><div class="spacer battle-history"><br></div><div class="battle-history"><small>The hail is crashing down.</small><br></div><div class="battle-history"><small>The opposing Greninja is buffeted by the hail!</small><br></div><div class="spacer battle-history"><br></div><h2 class="battle-history">Turn 15</h2><div class="spacer battle-history"><br></div><div class="battle-history">LT51NP Kory withdrew Greninja!<br></div><div class="battle-history">LT51NP Kory sent out Scizor (<strong>Scizor-Mega</strong>)!<br></div><div class="spacer battle-history"><br></div><div class="battle-history">Ninetales, come back!<br></div><div class="battle-history">Go! <strong>Excadrill</strong>!<br></div><div class="battle-history"><small>Pointed stones dug into Excadrill!</small><br></div><div class="battle-history"><small>[Excadrill's Mold Breaker]</small><br><small>Excadrill breaks the mold!</small><br></div><div class="spacer battle-history"><br></div><div class="battle-history"><small>The hail is crashing down.</small><br></div><div class="battle-history"><small>Excadrill is buffeted by the hail!</small><br></div><div class="battle-history"><small>The opposing Scizor is buffeted by the hail!</small><br></div><div class="spacer battle-history"><br></div><h2 class="battle-history">Turn 16</h2><div class="spacer battle-history"><br></div><div class="battle-history">Excadrill used <strong>Rapid Spin</strong>!<br></div><div class="battle-history"><small>It's not very effective...</small><br></div><div class="battle-history"><small>(The opposing Scizor lost 2% of its health!)</small><br></div><div class="battle-history"><small>The pointed stones disappeared from around your team!</small><br></div><div class="spacer battle-history"><br></div><div class="battle-history">The opposing Scizor used <strong>Roost</strong>!<br></div><div class="battle-history"><small>The opposing Scizor restored its HP.</small><br></div><div class="spacer battle-history"><br></div><div class="battle-history"><small>The hail is crashing down.</small><br></div><div class="battle-history"><small>Excadrill is buffeted by the hail!</small><br></div><div class="battle-history"><small>The opposing Scizor is buffeted by the hail!</small><br></div><div class="spacer battle-history"><br></div><h2 class="battle-history">Turn 17</h2><div class="spacer battle-history"><br></div><div class="battle-history">Excadrill, come back!<br></div><div class="battle-history">Go! <strong>Porygon-Z</strong>!<br></div><div class="spacer battle-history"><br></div><div class="battle-history">The opposing Scizor used <strong>Curse</strong>!<br></div><div class="battle-history"><small>The opposing Scizor's Speed fell!</small><br></div><div class="battle-history"><small>The opposing Scizor's Attack rose!</small><br></div><div class="battle-history"><small>The opposing Scizor's Defense rose!</small><br></div><div class="spacer battle-history"><br></div><div class="battle-history"><small>The hail stopped.</small><br></div><div class="spacer battle-history"><br></div><h2 class="battle-history">Turn 18</h2><div class="spacer battle-history"><br></div><div class="battle-history">The opposing Scizor used <strong>Bullet Punch</strong>!<br></div><div class="battle-history"><small>(Porygon-Z lost 51% of its health!)</small><br></div><div class="spacer battle-history"><br></div><div class="battle-history">Porygon-Z fainted!<br></div><div class="spacer battle-history"><br></div><div class="battle-history">Go! <strong>Excadrill</strong>!<br></div><div class="battle-history"><small>[Excadrill's Mold Breaker]</small><br><small>Excadrill breaks the mold!</small><br></div><div class="spacer battle-history"><br></div><h2 class="battle-history">Turn 19</h2><div class="spacer battle-history"><br></div><div class="battle-history">Excadrill used <strong>Earthquake</strong>!<br></div><div class="battle-history"><small>(The opposing Scizor lost 23% of its health!)</small><br></div><div class="spacer battle-history"><br></div><div class="battle-history">The opposing Scizor used <strong>Roost</strong>!<br></div><div class="battle-history"><small>The opposing Scizor restored its HP.</small><br></div><div class="spacer battle-history"><br></div><h2 class="battle-history">Turn 20</h2><div class="spacer battle-history"><br></div><div class="battle-history">The opposing Scizor used <strong>Bullet Punch</strong>!<br></div><div class="battle-history"><small>It's not very effective...</small><br></div><div class="battle-history"><small>(Excadrill lost 34% of its health!)</small><br></div><div class="spacer battle-history"><br></div><div class="battle-history">Excadrill used <strong>Earthquake</strong>!<br></div><div class="battle-history"><small>(The opposing Scizor lost 21% of its health!)</small><br></div><div class="spacer battle-history"><br></div><h2 class="battle-history">Turn 21</h2><div class="spacer battle-history"><br></div><div class="battle-history">The opposing Scizor used <strong>Bullet Punch</strong>!<br></div><div class="battle-history"><small>It's not very effective...</small><br></div><div class="battle-history"><small>(Excadrill lost 28% of its health!)</small><br></div><div class="spacer battle-history"><br></div><div class="battle-history">Excadrill fainted!<br></div><div class="spacer battle-history"><br></div><div class="battle-history"><small>lt51np egc forfeited.</small><br></div><div class="spacer battle-history"><br></div><div class="battle-history"><strong>LT51NP Kory</strong> won the battle!<br></div><div class="chat">lt51np egc's rating: 2067 → <strong>2045</strong><br>(-22 for losing)</div><div class="chat">LT51NP Kory's rating: 2038 → <strong>2060</strong><br>(+22 for winning)</div><div class="chat"><small> LT51NP Simia joined.</small></div><div class="chat"><small>+Cdumas left.</small></div><div class="chat"><small>☆lt51np egc left.</small></div><div class="chat"><small> qahhhhhaaaa left.</small></div><div class="chat"><small>‽Charmflash Jiggles left.</small></div><div class="chat"><small> Orichalcos seel left.</small></div><div class="chat"><small> lalajoc left.</small></div><div class="chat"><small>☆LT51NP Kory left.</small></div><div class="chat"><small> LT51NP Simia left.</small></div><div class="chat"><small> BerenandLuthien left.</small></div></div><div class="inner-preempt"></div></div></div>
</div>
<script>
let daily = Math.floor(Date.now()/1000/60/60/24);document.write('<script src="https://play.pokemonshowdown.com/js/replay-embed.js?version'+daily+'"></'+'script>');
</script>
