<!DOCTYPE html>
<meta charset="utf-8" />
<!-- version 1 -->
<title>[Gen 7] OU replay: LT51NP Hans vs. LT51NP Jyt</title>
<style>
html,body {font-family:Verdana, sans-serif;font-size:10pt;margin:0;padding:0;}body{padding:12px 0;} .battle-log {font-family:Verdana, sans-serif;font-size:10pt;} .battle-log-inline {border:1px solid #AAAAAA;background:#EEF2F5;color:black;max-width:640px;margin:0 auto 80px;padding-bottom:5px;} .battle-log .inner {padding:4px 8px 0px 8px;} .battle-log .inner-preempt {padding:0 8px 4px 8px;} .battle-log .inner-after {margin-top:0.5em;} .battle-log h2 {margin:0.5em -8px;padding:4px 8px;border:1px solid #AAAAAA;background:#E0E7EA;border-left:0;border-right:0;font-family:Verdana, sans-serif;font-size:13pt;} .battle-log .chat {vertical-align:middle;padding:3px 0 3px 0;font-size:8pt;} .battle-log .chat strong {color:#40576A;} .battle-log .chat em {padding:1px 4px 1px 3px;color:#000000;font-style:normal;} .chat.mine {background:rgba(0,0,0,0.05);margin-left:-8px;margin-right:-8px;padding-left:8px;padding-right:8px;} .spoiler {color:#BBBBBB;background:#BBBBBB;padding:0px 3px;} .spoiler:hover, .spoiler:active, .spoiler-shown {color:#000000;background:#E2E2E2;padding:0px 3px;} .spoiler a {color:#BBBBBB;} .spoiler:hover a, .spoiler:active a, .spoiler-shown a {color:#2288CC;} .chat code, .chat .spoiler:hover code, .chat .spoiler:active code, .chat .spoiler-shown code {border:1px solid #C0C0C0;background:#EEEEEE;color:black;padding:0 2px;} .chat .spoiler code {border:1px solid #CCCCCC;background:#CCCCCC;color:#CCCCCC;} .battle-log .rated {padding:3px 4px;} .battle-log .rated strong {color:white;background:#89A;padding:1px 4px;border-radius:4px;} .spacer {margin-top:0.5em;} .message-announce {background:#6688AA;color:white;padding:1px 4px 2px;} .message-announce a, .broadcast-green a, .broadcast-blue a, .broadcast-red a {color:#DDEEFF;} .broadcast-green {background-color:#559955;color:white;padding:2px 4px;} .broadcast-blue {background-color:#6688AA;color:white;padding:2px 4px;} .infobox {border:1px solid #6688AA;padding:2px 4px;} .infobox-limited {max-height:200px;overflow:auto;overflow-x:hidden;} .broadcast-red {background-color:#AA5544;color:white;padding:2px 4px;} .message-learn-canlearn {font-weight:bold;color:#228822;text-decoration:underline;} .message-learn-cannotlearn {font-weight:bold;color:#CC2222;text-decoration:underline;} .message-effect-weak {font-weight:bold;color:#CC2222;} .message-effect-resist {font-weight:bold;color:#6688AA;} .message-effect-immune {font-weight:bold;color:#666666;} .message-learn-list {margin-top:0;margin-bottom:0;} .message-throttle-notice, .message-error {color:#992222;} .message-overflow, .chat small.message-overflow {font-size:0pt;} .message-overflow::before {font-size:9pt;content:'...';} .subtle {color:#3A4A66;}
</style>
<div class="wrapper replay-wrapper" style="max-width:1180px;margin:0 auto">
<input type="hidden" name="replayid" value="gen7ou-780759583" />
<div class="battle"></div><div class="battle-log"></div><div class="replay-controls"></div><div class="replay-controls-2"></div>
<h1 style="font-weight:normal;text-align:center"><strong>[Gen 7] OU</strong><br /><a href="http://pokemonshowdown.com/users/lt51nphans" class="subtle" target="_blank">LT51NP Hans</a> vs. <a href="http://pokemonshowdown.com/users/lt51npjyt" class="subtle" target="_blank">LT51NP Jyt</a></h1>
<script type="text/plain" class="battle-log-data">|j|☆LT51NP Hans
|j|☆LT51NP Jyt
|player|p1|LT51NP Hans|16
|player|p2|LT51NP Jyt|137
|teamsize|p1|6
|teamsize|p2|6
|gametype|singles
|gen|7
|tier|[Gen 7] OU
|rated|
|rule|Sleep Clause Mod: Limit one foe put to sleep
|rule|Species Clause: Limit one of each Pokémon
|rule|OHKO Clause: OHKO moves are banned
|rule|Moody Clause: Moody is banned
|rule|Evasion Moves Clause: Evasion moves are banned
|rule|Endless Battle Clause: Forcing endless battles is banned
|rule|HP Percentage Mod: HP is shown in percentages
|clearpoke
|poke|p1|Pinsir, F|item
|poke|p1|Thundurus-Therian, M|item
|poke|p1|Alomomola, M|item
|poke|p1|Magearna|item
|poke|p1|Marowak-Alola, M|item
|poke|p1|Tornadus-Therian, M|item
|poke|p2|Pelipper, M|item
|poke|p2|Kingdra, F|item
|poke|p2|Swampert, F|item
|poke|p2|Kartana|item
|poke|p2|Magearna|item
|poke|p2|Mimikyu, F|item
|teampreview
|j| Hurl into Darkness
|inactive|Battle timer is ON: inactive players will automatically lose when time's up. (requested by LT51NP Hans)
|j| LT51NP Vessev
|j| Reverneth
|j| Bewhammer
|inactive|LT51NP Jyt has 135 seconds left.
|j|+Analytic
|j| LT51NP IPF
|j| bop dash space
|j| rotom's washed
|j|+soulgazer
|j| egalvanc
|j| melancholy hills
|j|+shiloh
|j| HelloTheEnd
|j|+Leo
|
|start
|switch|p1a: Messers. Bf-109|Pinsir, F, shiny|100\/100
|switch|p2a: Pelipper|Pelipper, M|100\/100
|-weather|RainDance|[from] ability: Drizzle|[of] p2a: Pelipper
|turn|1
|j| lt51np croo
|j| abejas
|j| zpmaz
|l|+shiloh
|
|switch|p1a: Henikel 177 Greif|Tornadus-Therian, M, shiny|100\/100
|move|p2a: Pelipper|Hurricane|p1a: Henikel 177 Greif
|-damage|p1a: Henikel 177 Greif|52\/100
|
|-weather|RainDance|[upkeep]
|upkeep
|turn|2
|j|+Eternam
|j| Neva Meta
|l| lt51np croo
|
|switch|p2a: Magearna|Magearna|100\/100
|move|p1a: Henikel 177 Greif|U-turn|p2a: Magearna
|-resisted|p2a: Magearna
|-damage|p2a: Magearna|98\/100
|j| German111
|
|switch|p1a: Brandenburger|Marowak-Alola, M|100\/100
|
|-weather|RainDance|[upkeep]
|upkeep
|turn|3
|j| LT51NP Hay
|j| DJ CRIB DEF
|c| LT51NP Hay|LFGI JYT I BELIEVE
|l|+Analytic
|inactive|LT51NP Jyt has 135 seconds left.
|
|switch|p2a: Kingdra|Kingdra, F|100\/100
|move|p1a: Brandenburger|Shadow Bone|p2a: Kingdra
|-damage|p2a: Kingdra|36\/100
|
|-weather|RainDance|[upkeep]
|upkeep
|turn|4
|j| LT51NP Wab
|
|switch|p1a: Sdkfz.251\/7+8|Alomomola, M|100\/100
|move|p2a: Kingdra|Hydro Pump|p1a: Sdkfz.251\/7+8
|-resisted|p1a: Sdkfz.251\/7+8
|-damage|p1a: Sdkfz.251\/7+8|53\/100
|
|-weather|RainDance|[upkeep]
|-heal|p1a: Sdkfz.251\/7+8|59\/100|[from] item: Leftovers
|upkeep
|turn|5
|
|switch|p2a: Kartana|Kartana|100\/100
|move|p1a: Sdkfz.251\/7+8|Wish|p1a: Sdkfz.251\/7+8
|
|-weather|RainDance|[upkeep]
|-heal|p1a: Sdkfz.251\/7+8|65\/100|[from] item: Leftovers
|upkeep
|turn|6
|inactive|LT51NP Jyt has 135 seconds left.
|j| SweetPosho
|
|switch|p2a: Swampert|Swampert, F|100\/100
|switch|p1a: Henikel 177 Greif|Tornadus-Therian, M, shiny|85\/100
|
|-weather|RainDance|[upkeep]
|-heal|p1a: Henikel 177 Greif|100\/100|[from] move: Wish|[wisher] Sdkfz.251\/7+8
|upkeep
|turn|7
|n| The Hallows.|rotomswashed
|
|switch|p1a: Sdkfz.251\/7+8|Alomomola, M|99\/100
|detailschange|p2a: Swampert|Swampert-Mega, F
|-mega|p2a: Swampert|Swampert|Swampertite
|move|p2a: Swampert|Waterfall|p1a: Sdkfz.251\/7+8
|-resisted|p1a: Sdkfz.251\/7+8
|-damage|p1a: Sdkfz.251\/7+8|75\/100
|
|-weather|RainDance|[upkeep]
|-heal|p1a: Sdkfz.251\/7+8|81\/100|[from] item: Leftovers
|upkeep
|turn|8
|j| sup kid
|j| Ayoukoo
|j|+Analytic
|l| Ayoukoo
|l| sup kid
|inactive|LT51NP Jyt has 135 seconds left.
|j| Ayoukoo
|
|switch|p2a: Kartana|Kartana|100\/100
|move|p1a: Sdkfz.251\/7+8|Toxic|p2a: Kartana
|-immune|p2a: Kartana|[msg]
|
|-weather|none
|-heal|p1a: Sdkfz.251\/7+8|87\/100|[from] item: Leftovers
|upkeep
|turn|9
|
|switch|p2a: Pelipper|Pelipper, M|100\/100
|-weather|RainDance|[from] ability: Drizzle|[of] p2a: Pelipper
|move|p1a: Sdkfz.251\/7+8|Protect|p1a: Sdkfz.251\/7+8
|-fail|p1a: Sdkfz.251\/7+8
|
|-weather|RainDance|[upkeep]
|-heal|p1a: Sdkfz.251\/7+8|93\/100|[from] item: Leftovers
|upkeep
|turn|10
|j| lax (◠‿◠✿)
|
|switch|p2a: Kartana|Kartana|100\/100
|move|p1a: Sdkfz.251\/7+8|Wish|p1a: Sdkfz.251\/7+8
|
|-weather|RainDance|[upkeep]
|-heal|p1a: Sdkfz.251\/7+8|99\/100|[from] item: Leftovers
|upkeep
|turn|11
|n| Wabane|lt51npwab
|j| p2‽
|l| zpmaz
|j| zpmaz
|j| tsmugs
|
|switch|p2a: Swampert|Swampert-Mega, F|100\/100
|switch|p1a: Messers. Bf-109|Pinsir, F, shiny|100\/100
|
|-weather|RainDance|[upkeep]
|upkeep
|turn|12
|
|detailschange|p1a: Messers. Bf-109|Pinsir-Mega, F, shiny
|-mega|p1a: Messers. Bf-109|Pinsir|Pinsirite
|move|p2a: Swampert|Waterfall|p1a: Messers. Bf-109
|-damage|p1a: Messers. Bf-109|24\/100
|move|p1a: Messers. Bf-109|Return|p2a: Swampert
|-damage|p2a: Swampert|29\/100
|
|-weather|RainDance|[upkeep]
|upkeep
|turn|13
|l| p2‽
|
|switch|p2a: Kartana|Kartana|100\/100
|move|p1a: Messers. Bf-109|Quick Attack|p2a: Kartana
|-damage|p2a: Kartana|72\/100
|
|-weather|RainDance|[upkeep]
|upkeep
|turn|14
|c| tsmugs|GO JYT
|
|switch|p1a: Henikel 177 Greif|Tornadus-Therian, M, shiny|100\/100
|move|p2a: Kartana|Smart Strike|p1a: Henikel 177 Greif
|-damage|p1a: Henikel 177 Greif|16\/100
|
|-weather|RainDance|[upkeep]
|upkeep
|turn|15
|c| tsmugs|if u lose ill meme u
|
|switch|p2a: Magearna|Magearna|98\/100
|move|p1a: Henikel 177 Greif|Hurricane|p2a: Magearna
|-resisted|p2a: Magearna
|-damage|p2a: Magearna|88\/100
|-start|p2a: Magearna|confusion
|
|-weather|RainDance|[upkeep]
|upkeep
|turn|16
|j| LT51NP MAC
|
|switch|p2a: Kartana|Kartana|72\/100
|move|p1a: Henikel 177 Greif|U-turn|p2a: Kartana
|-damage|p2a: Kartana|57\/100
|
|switch|p1a: Pz.kpfwVI Ausf.E|Magearna|100\/100
|
|-weather|none
|upkeep
|turn|17
|c|☆LT51NP Jyt|hard playing 2 at once
|j| Igolt ☃
|l|+Analytic
|
|switch|p2a: Magearna|Magearna|88\/100
|move|p1a: Pz.kpfwVI Ausf.E|Volt Switch|p2a: Magearna
|-crit|p2a: Magearna
|-damage|p2a: Magearna|74\/100
|
|switch|p1a: Henikel 177 Greif|Tornadus-Therian, M, shiny|49\/100
|
|upkeep
|turn|18
|
|switch|p2a: Pelipper|Pelipper, M|100\/100
|-weather|RainDance|[from] ability: Drizzle|[of] p2a: Pelipper
|move|p1a: Henikel 177 Greif|U-turn|p2a: Pelipper
|-resisted|p2a: Pelipper
|-damage|p2a: Pelipper|94\/100
|
|switch|p1a: Junkers Ju-87|Thundurus-Therian, M, shiny|100\/100
|
|-weather|RainDance|[upkeep]
|upkeep
|turn|19
|l| egalvanc
|l| Igolt ☃
|
|switch|p2a: Magearna|Magearna|74\/100
|move|p1a: Junkers Ju-87|Focus Blast|p2a: Magearna
|-damage|p2a: Magearna|54\/100
|
|-weather|RainDance|[upkeep]
|upkeep
|turn|20
|
|switch|p1a: Brandenburger|Marowak-Alola, M|100\/100
|switch|p2a: Swampert|Swampert-Mega, F|29\/100
|
|-weather|RainDance|[upkeep]
|upkeep
|turn|21
|l| Reverneth
|l| zpmaz
|
|move|p2a: Swampert|Stealth Rock|p1a: Brandenburger
|-sidestart|p1: LT51NP Hans|move: Stealth Rock
|move|p1a: Brandenburger|Shadow Bone|p2a: Swampert
|-damage|p2a: Swampert|0 fnt
|faint|p2a: Swampert
|
|-weather|RainDance|[upkeep]
|upkeep
|
|switch|p2a: Kingdra|Kingdra, F|36\/100
|turn|22
|l| DJ CRIB DEF
|
|switch|p1a: Sdkfz.251\/7+8|Alomomola, M|100\/100
|-damage|p1a: Sdkfz.251\/7+8|88\/100|[from] Stealth Rock
|move|p2a: Kingdra|Hydro Pump|p1a: Sdkfz.251\/7+8
|-resisted|p1a: Sdkfz.251\/7+8
|-damage|p1a: Sdkfz.251\/7+8|43\/100
|
|-weather|RainDance|[upkeep]
|-heal|p1a: Sdkfz.251\/7+8|50\/100|[from] item: Leftovers
|upkeep
|turn|23
|
|switch|p2a: Kartana|Kartana|57\/100
|move|p1a: Sdkfz.251\/7+8|Wish|p1a: Sdkfz.251\/7+8
|
|-weather|RainDance|[upkeep]
|-heal|p1a: Sdkfz.251\/7+8|56\/100|[from] item: Leftovers
|upkeep
|turn|24
|
|switch|p1a: Pz.kpfwVI Ausf.E|Magearna|100\/100
|-damage|p1a: Pz.kpfwVI Ausf.E|94\/100|[from] Stealth Rock
|move|p2a: Kartana|Leaf Blade|p1a: Pz.kpfwVI Ausf.E
|-resisted|p1a: Pz.kpfwVI Ausf.E
|-damage|p1a: Pz.kpfwVI Ausf.E|60\/100
|
|-weather|RainDance|[upkeep]
|-heal|p1a: Pz.kpfwVI Ausf.E|100\/100|[from] move: Wish|[wisher] Sdkfz.251\/7+8
|upkeep
|turn|25
|inactive|LT51NP Jyt has 135 seconds left.
|
|switch|p2a: Magearna|Magearna|54\/100
|move|p1a: Pz.kpfwVI Ausf.E|Volt Switch|p2a: Magearna
|-damage|p2a: Magearna|44\/100
|
|switch|p1a: Henikel 177 Greif|Tornadus-Therian, M, shiny|82\/100
|-damage|p1a: Henikel 177 Greif|58\/100|[from] Stealth Rock
|
|-weather|none
|upkeep
|turn|26
|
|move|p1a: Henikel 177 Greif|Defog|p2a: Magearna
|-unboost|p2a: Magearna|evasion|1
|-sideend|p1: LT51NP Hans|Stealth Rock|[from] move: Defog|[of] p1a: Henikel 177 Greif
|move|p2a: Magearna|Ice Beam|p1a: Henikel 177 Greif
|-supereffective|p1a: Henikel 177 Greif
|-damage|p1a: Henikel 177 Greif|0 fnt
|faint|p1a: Henikel 177 Greif
|-ability|p2a: Magearna|Soul-Heart|boost
|-boost|p2a: Magearna|spa|1
|
|upkeep
|
|switch|p1a: Brandenburger|Marowak-Alola, M|100\/100
|turn|27
|j| OVO sicko
|inactive|LT51NP Jyt has 135 seconds left.
|inactive|LT51NP Jyt has 120 seconds left.
|inactive|LT51NP Jyt has 105 seconds left.
|
|switch|p2a: Pelipper|Pelipper, M|94\/100
|-weather|RainDance|[from] ability: Drizzle|[of] p2a: Pelipper
|move|p1a: Brandenburger|Shadow Bone|p2a: Pelipper
|-damage|p2a: Pelipper|42\/100
|
|-weather|RainDance|[upkeep]
|upkeep
|turn|28
|l| The Hallows.
|
|switch|p1a: Sdkfz.251\/7+8|Alomomola, M|89\/100
|move|p2a: Pelipper|U-turn|p1a: Sdkfz.251\/7+8
|-damage|p1a: Sdkfz.251\/7+8|83\/100
|
|switch|p2a: Kartana|Kartana|57\/100
|
|-weather|RainDance|[upkeep]
|-heal|p1a: Sdkfz.251\/7+8|90\/100|[from] item: Leftovers
|upkeep
|turn|29
|c|☆LT51NP Hans|seens like we all lose the game
|j| Baloor ☭
|
|move|p1a: Sdkfz.251\/7+8|Protect|p1a: Sdkfz.251\/7+8
|-singleturn|p1a: Sdkfz.251\/7+8|Protect
|move|p2a: Kartana|Leaf Blade|p1a: Sdkfz.251\/7+8
|-activate|p1a: Sdkfz.251\/7+8|move: Protect
|
|-weather|RainDance|[upkeep]
|-heal|p1a: Sdkfz.251\/7+8|96\/100|[from] item: Leftovers
|upkeep
|turn|30
|j| The Hallows.
|
|switch|p1a: Pz.kpfwVI Ausf.E|Magearna|100\/100
|move|p2a: Kartana|Leaf Blade|p1a: Pz.kpfwVI Ausf.E
|-resisted|p1a: Pz.kpfwVI Ausf.E
|-damage|p1a: Pz.kpfwVI Ausf.E|64\/100
|
|-weather|RainDance|[upkeep]
|upkeep
|turn|31
|
|move|p2a: Kartana|Leaf Blade|p1a: Pz.kpfwVI Ausf.E
|-resisted|p1a: Pz.kpfwVI Ausf.E
|-damage|p1a: Pz.kpfwVI Ausf.E|31\/100
|move|p1a: Pz.kpfwVI Ausf.E|Ice Beam|p2a: Kartana
|-damage|p2a: Kartana|0 fnt
|faint|p2a: Kartana
|-ability|p1a: Pz.kpfwVI Ausf.E|Soul-Heart|boost
|-boost|p1a: Pz.kpfwVI Ausf.E|spa|1
|
|-weather|RainDance|[upkeep]
|upkeep
|j| Spec†ear
|
|switch|p2a: Kingdra|Kingdra, F|36\/100
|turn|32
|c| The Hallows.|5 mins 50 pts jyt
|
|switch|p1a: Sdkfz.251\/7+8|Alomomola, M|100\/100
|move|p2a: Kingdra|Draco Meteor|p1a: Sdkfz.251\/7+8
|-damage|p1a: Sdkfz.251\/7+8|28\/100
|-unboost|p2a: Kingdra|spa|2
|
|-weather|RainDance|[upkeep]
|-heal|p1a: Sdkfz.251\/7+8|35\/100|[from] item: Leftovers
|upkeep
|turn|33
|j| No gorls
|c|☆LT51NP Hans|lol
|
|switch|p2a: Mimikyu|Mimikyu, F|100\/100
|move|p1a: Sdkfz.251\/7+8|Wish|p1a: Sdkfz.251\/7+8
|
|-weather|RainDance|[upkeep]
|-heal|p1a: Sdkfz.251\/7+8|41\/100|[from] item: Leftovers
|upkeep
|turn|34
|
|-zpower|p2a: Mimikyu
|move|p2a: Mimikyu|Never-Ending Nightmare|p1a: Sdkfz.251\/7+8|[zeffect]
|-damage|p1a: Sdkfz.251\/7+8|1\/100
|move|p1a: Sdkfz.251\/7+8|Toxic|p2a: Mimikyu
|-status|p2a: Mimikyu|tox
|
|-weather|none
|-heal|p1a: Sdkfz.251\/7+8|51\/100|[from] move: Wish|[wisher] Sdkfz.251\/7+8
|-heal|p1a: Sdkfz.251\/7+8|58\/100|[from] item: Leftovers
|-damage|p2a: Mimikyu|95\/100 tox|[from] psn
|upkeep
|turn|35
|c| No gorls|EAT
|c|+Eternam|such a bad mon
|l| Ayoukoo
|c| No gorls|mimikyu sucks
|c| LT51NP MAC|bad plays rewarded
|
|move|p2a: Mimikyu|Swords Dance|p2a: Mimikyu
|-boost|p2a: Mimikyu|atk|2
|move|p1a: Sdkfz.251\/7+8|Wish|p1a: Sdkfz.251\/7+8
|
|-heal|p1a: Sdkfz.251\/7+8|64\/100|[from] item: Leftovers
|-damage|p2a: Mimikyu|83\/100 tox|[from] psn
|upkeep
|turn|36
|
|move|p1a: Sdkfz.251\/7+8|Protect|p1a: Sdkfz.251\/7+8
|-singleturn|p1a: Sdkfz.251\/7+8|Protect
|move|p2a: Mimikyu|Swords Dance|p2a: Mimikyu
|-boost|p2a: Mimikyu|atk|2
|
|-heal|p1a: Sdkfz.251\/7+8|100\/100|[from] move: Wish|[wisher] Sdkfz.251\/7+8
|-damage|p2a: Mimikyu|65\/100 tox|[from] psn
|upkeep
|turn|37
|c| LT51NP MAC|imagine
|
|move|p2a: Mimikyu|Play Rough|p1a: Sdkfz.251\/7+8
|-damage|p1a: Sdkfz.251\/7+8|26\/100
|move|p1a: Sdkfz.251\/7+8|Wish|p1a: Sdkfz.251\/7+8
|
|-heal|p1a: Sdkfz.251\/7+8|33\/100|[from] item: Leftovers
|-damage|p2a: Mimikyu|41\/100 tox|[from] psn
|upkeep
|turn|38
|
|move|p1a: Sdkfz.251\/7+8|Protect|p1a: Sdkfz.251\/7+8
|-singleturn|p1a: Sdkfz.251\/7+8|Protect
|move|p2a: Mimikyu|Swords Dance|p2a: Mimikyu
|-boost|p2a: Mimikyu|atk|2
|
|-heal|p1a: Sdkfz.251\/7+8|83\/100|[from] move: Wish|[wisher] Sdkfz.251\/7+8
|-heal|p1a: Sdkfz.251\/7+8|89\/100|[from] item: Leftovers
|-damage|p2a: Mimikyu|11\/100 tox|[from] psn
|upkeep
|turn|39
|c| No gorls|read like a book
|
|switch|p1a: Junkers Ju-87|Thundurus-Therian, M, shiny|100\/100
|move|p2a: Mimikyu|Play Rough|p1a: Junkers Ju-87
|-damage|p1a: Junkers Ju-87|0 fnt
|faint|p1a: Junkers Ju-87
|
|-damage|p2a: Mimikyu|0 fnt|[from] psn
|upkeep
|faint|p2a: Mimikyu
|c| No gorls|lowkey
|
|switch|p1a: Messers. Bf-109|Pinsir-Mega, F, shiny|24\/100
|switch|p2a: Pelipper|Pelipper, M|42\/100
|-weather|RainDance|[from] ability: Drizzle|[of] p2a: Pelipper
|turn|40
|
|move|p1a: Messers. Bf-109|Return|p2a: Pelipper
|-damage|p2a: Pelipper|0 fnt
|faint|p2a: Pelipper
|
|-weather|RainDance|[upkeep]
|upkeep
|j| Kappucceeone
|
|switch|p2a: Kingdra|Kingdra, F|36\/100
|turn|41
|
|move|p1a: Messers. Bf-109|Quick Attack|p2a: Kingdra
|-damage|p2a: Kingdra|4\/100
|move|p2a: Kingdra|Hydro Pump|p1a: Messers. Bf-109|[miss]
|-miss|p2a: Kingdra|p1a: Messers. Bf-109
|
|-weather|RainDance|[upkeep]
|upkeep
|turn|42
|c|☆LT51NP Hans|wp
|c|☆LT51NP Jyt|gg
|-message|LT51NP Jyt forfeited.
|
|win|LT51NP Hans
|c| LT51NP MAC|man
|j| pitches
|c| No gorls|f
|l|☆LT51NP Jyt
|l| No gorls
|raw|LT51NP Hans's rating: 2068 &rarr; <strong>2089<\/strong><br \/>(+21 for winning)
|raw|LT51NP Jyt's rating: 2099 &rarr; <strong>2077<\/strong><br \/>(-22 for losing)
|l| Hurl into Darkness
|l| LT51NP Hay
|l| LT51NP MAC
|l| tsmugs
|l| pitches
|l|+Eternam
|l| Neva Meta
|l| German111
|l| Bewhammer
|l|+soulgazer
|l| Baloor ☭
|l| The Hallows.
|l| Spec†ear
|l|+Leo
|l| bop dash space
|l| lax (◠‿◠✿)
|l| HelloTheEnd
|l| melancholy hills
|l| LT51NP IPF
|l| OVO sicko
|l| Wabane
|j| Bewhammer
|l| Bewhammer
|l| abejas
|l| SweetPosho
|j| supa dupa hoopa
|l| supa dupa hoopa
|c|☆LT51NP Hans|tks to all
|c|☆LT51NP Hans|The first week has gone
|j| lt51np blarghmilas
|l| lt51np blarghmilas
</script>
</div>
<div class="battle-log battle-log-inline"><div class="inner"><div class="battle-options"></div><div class="inner"><div class="chat"><small>☆LT51NP Hans joined.</small></div><div class="chat"><small>☆LT51NP Jyt joined.</small></div><div class=""><small>Format:</small> <br><strong>[Gen 7] OU</strong></div><div class="rated"><strong>Rated battle</strong></div><div class=""><small><em>Sleep Clause Mod:</em> Limit one foe put to sleep</small></div><div class=""><small><em>Species Clause:</em> Limit one of each Pokémon</small></div><div class=""><small><em>OHKO Clause:</em> OHKO moves are banned</small></div><div class=""><small><em>Moody Clause:</em> Moody is banned</small></div><div class=""><small><em>Evasion Moves Clause:</em> Evasion moves are banned</small></div><div class=""><small><em>Endless Battle Clause:</em> Forcing endless battles is banned</small></div><div class=""><small><em>HP Percentage Mod:</em> HP is shown in percentages</small></div><div class="chat battle-history"><strong>LT51NP Hans's team:</strong> <em style="color:#445566;display:block;">Pinsir / Thundurus-Therian / Alomomola / Magearna / Marowak-Alola / Tornadus-Therian</em></div><div class="chat battle-history"><strong>LT51NP Jyt's team:</strong> <em style="color:#445566;display:block;">Pelipper / Kingdra / Swampert / Kartana / Magearna / Mimikyu</em></div><div class="chat"><small> Hurl into Darkness joined.</small></div><div class="chat message-error">Battle timer is ON: inactive players will automatically lose when time's up. (requested by LT51NP Hans)</div><div class="chat"><small> LT51NP Vessev joined.</small></div><div class="chat"><small> Reverneth joined.</small></div><div class="chat"><small> Bewhammer joined.</small></div><div class="chat message-error">LT51NP Jyt has 135 seconds left.</div><div class="chat"><small>+Analytic joined.</small></div><div class="chat"><small> LT51NP IPF joined.</small></div><div class="chat"><small> bop dash space joined.</small></div><div class="chat"><small> rotom's washed joined.</small></div><div class="chat"><small>+soulgazer joined.</small></div><div class="chat"><small> egalvanc joined.</small></div><div class="chat"><small> melancholy hills joined.</small></div><div class="chat"><small>+shiloh joined.</small></div><div class="chat"><small> HelloTheEnd joined.</small></div><div class="chat"><small>+Leo joined.</small></div><div class="spacer battle-history"><br></div><div class="battle-history">Battle started between LT51NP Hans and LT51NP Jyt!<br></div><div class="spacer battle-history"><br></div><div class="battle-history">Go! Messers. Bf-109 (<strong>Pinsir</strong>)!<br></div><div class="spacer battle-history"><br></div><div class="battle-history">LT51NP Jyt sent out <strong>Pelipper</strong>!<br></div><div class="battle-history"><small>[The opposing Pelipper's Drizzle]</small><br><small>It started to rain!</small><br></div><div class="spacer battle-history"><br></div><h2 class="battle-history">Turn 1</h2><div class="chat"><small> lt51np croo joined.</small></div><div class="chat"><small> abejas joined.</small></div><div class="chat"><small> zpmaz joined.</small></div><div class="chat"><small>+shiloh left.</small></div><div class="spacer battle-history"><br></div><div class="battle-history">Messers. Bf-109, come back!<br></div><div class="battle-history">Go! Henikel 177 Greif (<strong>Tornadus-Therian</strong>)!<br></div><div class="spacer battle-history"><br></div><div class="battle-history">The opposing Pelipper used <strong>Hurricane</strong>!<br></div><div class="battle-history"><small>(Henikel 177 Greif lost 48% of its health!)</small><br></div><div class="spacer battle-history"><br></div><div class="battle-history"><small>(Rain continues to fall!)</small><br></div><div class="spacer battle-history"><br></div><h2 class="battle-history">Turn 2</h2><div class="chat"><small>+Eternam joined.</small></div><div class="chat"><small> Neva Meta joined.</small></div><div class="chat"><small> lt51np croo left.</small></div><div class="spacer battle-history"><br></div><div class="battle-history">LT51NP Jyt withdrew Pelipper!<br></div><div class="battle-history">LT51NP Jyt sent out <strong>Magearna</strong>!<br></div><div class="spacer battle-history"><br></div><div class="battle-history">Henikel 177 Greif used <strong>U-turn</strong>!<br></div><div class="battle-history"><small>It's not very effective...</small><br></div><div class="battle-history"><small>(The opposing Magearna lost 2% of its health!)</small><br></div><div class="chat"><small> German111 joined.</small></div><div class="spacer battle-history"><br></div><div class="battle-history">Henikel 177 Greif went back to LT51NP Hans!<br></div><div class="battle-history">Go! Brandenburger (<strong>Marowak-Alola</strong>)!<br></div><div class="spacer battle-history"><br></div><div class="battle-history"><small>(Rain continues to fall!)</small><br></div><div class="spacer battle-history"><br></div><h2 class="battle-history">Turn 3</h2><div class="chat"><small> LT51NP Hay joined.</small></div><div class="chat"><small> DJ CRIB DEF joined.</small></div><div class="chat chatmessage-lt51nphay"><strong style="color:hsl(196,71%,46.33804308374851%);"><small> </small><span class="username" data-name="LT51NP Hay">LT51NP Hay</span>:</strong> <em>LFGI JYT I BELIEVE</em></div><div class="chat"><small>+Analytic left.</small></div><div class="chat message-error">LT51NP Jyt has 135 seconds left.</div><div class="spacer battle-history"><br></div><div class="battle-history">LT51NP Jyt withdrew Magearna!<br></div><div class="battle-history">LT51NP Jyt sent out <strong>Kingdra</strong>!<br></div><div class="spacer battle-history"><br></div><div class="battle-history">Brandenburger used <strong>Shadow Bone</strong>!<br></div><div class="battle-history"><small>(The opposing Kingdra lost 64% of its health!)</small><br></div><div class="spacer battle-history"><br></div><div class="battle-history"><small>(Rain continues to fall!)</small><br></div><div class="spacer battle-history"><br></div><h2 class="battle-history">Turn 4</h2><div class="chat"><small> LT51NP Wab joined.</small></div><div class="spacer battle-history"><br></div><div class="battle-history">Brandenburger, come back!<br></div><div class="battle-history">Go! Sdkfz.251/7+8 (<strong>Alomomola</strong>)!<br></div><div class="spacer battle-history"><br></div><div class="battle-history">The opposing Kingdra used <strong>Hydro Pump</strong>!<br></div><div class="battle-history"><small>It's not very effective...</small><br></div><div class="battle-history"><small>(Sdkfz.251/7+8 lost 47% of its health!)</small><br></div><div class="spacer battle-history"><br></div><div class="battle-history"><small>(Rain continues to fall!)</small><br></div><div class="battle-history"><small>Sdkfz.251/7+8 restored a little HP using its Leftovers!</small><br></div><div class="spacer battle-history"><br></div><h2 class="battle-history">Turn 5</h2><div class="spacer battle-history"><br></div><div class="battle-history">LT51NP Jyt withdrew Kingdra!<br></div><div class="battle-history">LT51NP Jyt sent out <strong>Kartana</strong>!<br></div><div class="spacer battle-history"><br></div><div class="battle-history">Sdkfz.251/7+8 used <strong>Wish</strong>!<br></div><div class="spacer battle-history"><br></div><div class="battle-history"><small>(Rain continues to fall!)</small><br></div><div class="battle-history"><small>Sdkfz.251/7+8 restored a little HP using its Leftovers!</small><br></div><div class="spacer battle-history"><br></div><h2 class="battle-history">Turn 6</h2><div class="chat message-error">LT51NP Jyt has 135 seconds left.</div><div class="chat"><small> SweetPosho joined.</small></div><div class="spacer battle-history"><br></div><div class="battle-history">LT51NP Jyt withdrew Kartana!<br></div><div class="battle-history">LT51NP Jyt sent out <strong>Swampert</strong>!<br></div><div class="spacer battle-history"><br></div><div class="battle-history">Sdkfz.251/7+8, come back!<br></div><div class="battle-history">Go! Henikel 177 Greif (<strong>Tornadus-Therian</strong>)!<br></div><div class="spacer battle-history"><br></div><div class="battle-history"><small>(Rain continues to fall!)</small><br></div><div class="battle-history"><small>Sdkfz.251/7+8's wish came true!</small><br></div><div class="spacer battle-history"><br></div><h2 class="battle-history">Turn 7</h2><div class="chat"><small> The Hallows. renamed from rotomswashed.</small></div><div class="spacer battle-history"><br></div><div class="battle-history">Henikel 177 Greif, come back!<br></div><div class="battle-history">Go! Sdkfz.251/7+8 (<strong>Alomomola</strong>)!<br></div><div class="spacer battle-history"><br></div><div class="battle-history"><small>The opposing Swampert's Swampertite is reacting to the Key Stone!</small><br>The opposing Swampert has Mega Evolved into Mega Swampert!<br></div><div class="spacer battle-history"><br></div><div class="battle-history">The opposing Swampert used <strong>Waterfall</strong>!<br></div><div class="battle-history"><small>It's not very effective...</small><br></div><div class="battle-history"><small>(Sdkfz.251/7+8 lost 24% of its health!)</small><br></div><div class="spacer battle-history"><br></div><div class="battle-history"><small>(Rain continues to fall!)</small><br></div><div class="battle-history"><small>Sdkfz.251/7+8 restored a little HP using its Leftovers!</small><br></div><div class="spacer battle-history"><br></div><h2 class="battle-history">Turn 8</h2><div class="chat"><small> sup kid joined.</small></div><div class="chat"><small> Ayoukoo joined.</small></div><div class="chat"><small>+Analytic joined.</small></div><div class="chat"><small> Ayoukoo left.</small></div><div class="chat"><small> sup kid left.</small></div><div class="chat message-error">LT51NP Jyt has 135 seconds left.</div><div class="chat"><small> Ayoukoo joined.</small></div><div class="spacer battle-history"><br></div><div class="battle-history">LT51NP Jyt withdrew Swampert!<br></div><div class="battle-history">LT51NP Jyt sent out <strong>Kartana</strong>!<br></div><div class="spacer battle-history"><br></div><div class="battle-history">Sdkfz.251/7+8 used <strong>Toxic</strong>!<br></div><div class="battle-history"><small>It doesn't affect the opposing Kartana...</small><br></div><div class="spacer battle-history"><br></div><div class="battle-history"><small>The rain stopped.</small><br></div><div class="battle-history"><small>Sdkfz.251/7+8 restored a little HP using its Leftovers!</small><br></div><div class="spacer battle-history"><br></div><h2 class="battle-history">Turn 9</h2><div class="spacer battle-history"><br></div><div class="battle-history">LT51NP Jyt withdrew Kartana!<br></div><div class="battle-history">LT51NP Jyt sent out <strong>Pelipper</strong>!<br></div><div class="battle-history"><small>[The opposing Pelipper's Drizzle]</small><br><small>It started to rain!</small><br></div><div class="spacer battle-history"><br></div><div class="battle-history">Sdkfz.251/7+8 used <strong>Protect</strong>!<br></div><div class="battle-history"><small>But it failed!</small><br></div><div class="spacer battle-history"><br></div><div class="battle-history"><small>(Rain continues to fall!)</small><br></div><div class="battle-history"><small>Sdkfz.251/7+8 restored a little HP using its Leftovers!</small><br></div><div class="spacer battle-history"><br></div><h2 class="battle-history">Turn 10</h2><div class="chat"><small> lax (◠‿◠✿) joined.</small></div><div class="spacer battle-history"><br></div><div class="battle-history">LT51NP Jyt withdrew Pelipper!<br></div><div class="battle-history">LT51NP Jyt sent out <strong>Kartana</strong>!<br></div><div class="spacer battle-history"><br></div><div class="battle-history">Sdkfz.251/7+8 used <strong>Wish</strong>!<br></div><div class="spacer battle-history"><br></div><div class="battle-history"><small>(Rain continues to fall!)</small><br></div><div class="battle-history"><small>Sdkfz.251/7+8 restored a little HP using its Leftovers!</small><br></div><div class="spacer battle-history"><br></div><h2 class="battle-history">Turn 11</h2><div class="chat"><small> Wabane renamed from lt51npwab.</small></div><div class="chat"><small> p2‽ joined.</small></div><div class="chat"><small> zpmaz left.</small></div><div class="chat"><small> zpmaz joined.</small></div><div class="chat"><small> tsmugs joined.</small></div><div class="spacer battle-history"><br></div><div class="battle-history">LT51NP Jyt withdrew Kartana!<br></div><div class="battle-history">LT51NP Jyt sent out Swampert (<strong>Swampert-Mega</strong>)!<br></div><div class="spacer battle-history"><br></div><div class="battle-history">Sdkfz.251/7+8, come back!<br></div><div class="battle-history">Go! Messers. Bf-109 (<strong>Pinsir</strong>)!<br></div><div class="spacer battle-history"><br></div><div class="battle-history"><small>(Rain continues to fall!)</small><br></div><div class="spacer battle-history"><br></div><h2 class="battle-history">Turn 12</h2><div class="spacer battle-history"><br></div><div class="battle-history"><small>Messers. Bf-109's Pinsirite is reacting to the Key Stone!</small><br>Messers. Bf-109 has Mega Evolved into Mega Pinsir!<br></div><div class="spacer battle-history"><br></div><div class="battle-history">The opposing Swampert used <strong>Waterfall</strong>!<br></div><div class="battle-history"><small>(Messers. Bf-109 lost 76% of its health!)</small><br></div><div class="spacer battle-history"><br></div><div class="battle-history">Messers. Bf-109 used <strong>Return</strong>!<br></div><div class="battle-history"><small>(The opposing Swampert lost 71% of its health!)</small><br></div><div class="spacer battle-history"><br></div><div class="battle-history"><small>(Rain continues to fall!)</small><br></div><div class="spacer battle-history"><br></div><h2 class="battle-history">Turn 13</h2><div class="chat"><small> p2‽ left.</small></div><div class="spacer battle-history"><br></div><div class="battle-history">LT51NP Jyt withdrew Swampert!<br></div><div class="battle-history">LT51NP Jyt sent out <strong>Kartana</strong>!<br></div><div class="spacer battle-history"><br></div><div class="battle-history">Messers. Bf-109 used <strong>Quick Attack</strong>!<br></div><div class="battle-history"><small>(The opposing Kartana lost 28% of its health!)</small><br></div><div class="spacer battle-history"><br></div><div class="battle-history"><small>(Rain continues to fall!)</small><br></div><div class="spacer battle-history"><br></div><h2 class="battle-history">Turn 14</h2><div class="chat chatmessage-tsmugs"><strong style="color:hsl(292,74%,43%);"><small> </small><span class="username" data-name="tsmugs">tsmugs</span>:</strong> <em>GO JYT</em></div><div class="spacer battle-history"><br></div><div class="battle-history">Messers. Bf-109, come back!<br></div><div class="battle-history">Go! Henikel 177 Greif (<strong>Tornadus-Therian</strong>)!<br></div><div class="spacer battle-history"><br></div><div class="battle-history">The opposing Kartana used <strong>Smart Strike</strong>!<br></div><div class="battle-history"><small>(Henikel 177 Greif lost 84% of its health!)</small><br></div><div class="spacer battle-history"><br></div><div class="battle-history"><small>(Rain continues to fall!)</small><br></div><div class="spacer battle-history"><br></div><h2 class="battle-history">Turn 15</h2><div class="chat chatmessage-tsmugs"><strong style="color:hsl(292,74%,43%);"><small> </small><span class="username" data-name="tsmugs">tsmugs</span>:</strong> <em>if u lose ill meme u</em></div><div class="spacer battle-history"><br></div><div class="battle-history">LT51NP Jyt withdrew Kartana!<br></div><div class="battle-history">LT51NP Jyt sent out <strong>Magearna</strong>!<br></div><div class="spacer battle-history"><br></div><div class="battle-history">Henikel 177 Greif used <strong>Hurricane</strong>!<br></div><div class="battle-history"><small>It's not very effective...</small><br></div><div class="battle-history"><small>(The opposing Magearna lost 10% of its health!)</small><br></div><div class="battle-history"><small>The opposing Magearna became confused!</small><br></div><div class="spacer battle-history"><br></div><div class="battle-history"><small>(Rain continues to fall!)</small><br></div><div class="spacer battle-history"><br></div><h2 class="battle-history">Turn 16</h2><div class="chat"><small> LT51NP MAC joined.</small></div><div class="spacer battle-history"><br></div><div class="battle-history">LT51NP Jyt withdrew Magearna!<br></div><div class="battle-history">LT51NP Jyt sent out <strong>Kartana</strong>!<br></div><div class="spacer battle-history"><br></div><div class="battle-history">Henikel 177 Greif used <strong>U-turn</strong>!<br></div><div class="battle-history"><small>(The opposing Kartana lost 15% of its health!)</small><br></div><div class="spacer battle-history"><br></div><div class="battle-history">Henikel 177 Greif went back to LT51NP Hans!<br></div><div class="battle-history">Go! Pz.kpfwVI Ausf.E (<strong>Magearna</strong>)!<br></div><div class="spacer battle-history"><br></div><div class="battle-history"><small>The rain stopped.</small><br></div><div class="spacer battle-history"><br></div><h2 class="battle-history">Turn 17</h2><div class="chat chatmessage-lt51npjyt"><strong style="color:hsl(303,42%,49%);"><small>☆</small><span class="username" data-name="LT51NP Jyt">LT51NP Jyt</span>:</strong> <em>hard playing 2 at once</em></div><div class="chat"><small> Igolt ☃ joined.</small></div><div class="chat"><small>+Analytic left.</small></div><div class="spacer battle-history"><br></div><div class="battle-history">LT51NP Jyt withdrew Kartana!<br></div><div class="battle-history">LT51NP Jyt sent out <strong>Magearna</strong>!<br></div><div class="spacer battle-history"><br></div><div class="battle-history">Pz.kpfwVI Ausf.E used <strong>Volt Switch</strong>!<br></div><div class="battle-history"><small>A critical hit!</small><br></div><div class="battle-history"><small>(The opposing Magearna lost 14% of its health!)</small><br></div><div class="spacer battle-history"><br></div><div class="battle-history">Pz.kpfwVI Ausf.E went back to LT51NP Hans!<br></div><div class="battle-history">Go! Henikel 177 Greif (<strong>Tornadus-Therian</strong>)!<br></div><div class="spacer battle-history"><br></div><h2 class="battle-history">Turn 18</h2><div class="spacer battle-history"><br></div><div class="battle-history">LT51NP Jyt withdrew Magearna!<br></div><div class="battle-history">LT51NP Jyt sent out <strong>Pelipper</strong>!<br></div><div class="battle-history"><small>[The opposing Pelipper's Drizzle]</small><br><small>It started to rain!</small><br></div><div class="spacer battle-history"><br></div><div class="battle-history">Henikel 177 Greif used <strong>U-turn</strong>!<br></div><div class="battle-history"><small>It's not very effective...</small><br></div><div class="battle-history"><small>(The opposing Pelipper lost 6% of its health!)</small><br></div><div class="spacer battle-history"><br></div><div class="battle-history">Henikel 177 Greif went back to LT51NP Hans!<br></div><div class="battle-history">Go! Junkers Ju-87 (<strong>Thundurus-Therian</strong>)!<br></div><div class="spacer battle-history"><br></div><div class="battle-history"><small>(Rain continues to fall!)</small><br></div><div class="spacer battle-history"><br></div><h2 class="battle-history">Turn 19</h2><div class="chat"><small> egalvanc left.</small></div><div class="chat"><small> Igolt ☃ left.</small></div><div class="spacer battle-history"><br></div><div class="battle-history">LT51NP Jyt withdrew Pelipper!<br></div><div class="battle-history">LT51NP Jyt sent out <strong>Magearna</strong>!<br></div><div class="spacer battle-history"><br></div><div class="battle-history">Junkers Ju-87 used <strong>Focus Blast</strong>!<br></div><div class="battle-history"><small>(The opposing Magearna lost 20% of its health!)</small><br></div><div class="spacer battle-history"><br></div><div class="battle-history"><small>(Rain continues to fall!)</small><br></div><div class="spacer battle-history"><br></div><h2 class="battle-history">Turn 20</h2><div class="spacer battle-history"><br></div><div class="battle-history">Junkers Ju-87, come back!<br></div><div class="battle-history">Go! Brandenburger (<strong>Marowak-Alola</strong>)!<br></div><div class="spacer battle-history"><br></div><div class="battle-history">LT51NP Jyt withdrew Magearna!<br></div><div class="battle-history">LT51NP Jyt sent out Swampert (<strong>Swampert-Mega</strong>)!<br></div><div class="spacer battle-history"><br></div><div class="battle-history"><small>(Rain continues to fall!)</small><br></div><div class="spacer battle-history"><br></div><h2 class="battle-history">Turn 21</h2><div class="chat"><small> Reverneth left.</small></div><div class="chat"><small> zpmaz left.</small></div><div class="spacer battle-history"><br></div><div class="battle-history">The opposing Swampert used <strong>Stealth Rock</strong>!<br></div><div class="battle-history"><small>Pointed stones float in the air around your team!</small><br></div><div class="spacer battle-history"><br></div><div class="battle-history">Brandenburger used <strong>Shadow Bone</strong>!<br></div><div class="battle-history"><small>(The opposing Swampert lost 29% of its health!)</small><br></div><div class="spacer battle-history"><br></div><div class="battle-history">The opposing Swampert fainted!<br></div><div class="spacer battle-history"><br></div><div class="battle-history"><small>(Rain continues to fall!)</small><br></div><div class="spacer battle-history"><br></div><div class="battle-history">LT51NP Jyt sent out <strong>Kingdra</strong>!<br></div><div class="spacer battle-history"><br></div><h2 class="battle-history">Turn 22</h2><div class="chat"><small> DJ CRIB DEF left.</small></div><div class="spacer battle-history"><br></div><div class="battle-history">Brandenburger, come back!<br></div><div class="battle-history">Go! Sdkfz.251/7+8 (<strong>Alomomola</strong>)!<br></div><div class="battle-history"><small>Pointed stones dug into Sdkfz.251/7+8!</small><br></div><div class="spacer battle-history"><br></div><div class="battle-history">The opposing Kingdra used <strong>Hydro Pump</strong>!<br></div><div class="battle-history"><small>It's not very effective...</small><br></div><div class="battle-history"><small>(Sdkfz.251/7+8 lost 45% of its health!)</small><br></div><div class="spacer battle-history"><br></div><div class="battle-history"><small>(Rain continues to fall!)</small><br></div><div class="battle-history"><small>Sdkfz.251/7+8 restored a little HP using its Leftovers!</small><br></div><div class="spacer battle-history"><br></div><h2 class="battle-history">Turn 23</h2><div class="spacer battle-history"><br></div><div class="battle-history">LT51NP Jyt withdrew Kingdra!<br></div><div class="battle-history">LT51NP Jyt sent out <strong>Kartana</strong>!<br></div><div class="spacer battle-history"><br></div><div class="battle-history">Sdkfz.251/7+8 used <strong>Wish</strong>!<br></div><div class="spacer battle-history"><br></div><div class="battle-history"><small>(Rain continues to fall!)</small><br></div><div class="battle-history"><small>Sdkfz.251/7+8 restored a little HP using its Leftovers!</small><br></div><div class="spacer battle-history"><br></div><h2 class="battle-history">Turn 24</h2><div class="spacer battle-history"><br></div><div class="battle-history">Sdkfz.251/7+8, come back!<br></div><div class="battle-history">Go! Pz.kpfwVI Ausf.E (<strong>Magearna</strong>)!<br></div><div class="battle-history"><small>Pointed stones dug into Pz.kpfwVI Ausf.E!</small><br></div><div class="spacer battle-history"><br></div><div class="battle-history">The opposing Kartana used <strong>Leaf Blade</strong>!<br></div><div class="battle-history"><small>It's not very effective...</small><br></div><div class="battle-history"><small>(Pz.kpfwVI Ausf.E lost 34% of its health!)</small><br></div><div class="spacer battle-history"><br></div><div class="battle-history"><small>(Rain continues to fall!)</small><br></div><div class="battle-history"><small>Sdkfz.251/7+8's wish came true!</small><br></div><div class="spacer battle-history"><br></div><h2 class="battle-history">Turn 25</h2><div class="chat message-error">LT51NP Jyt has 135 seconds left.</div><div class="spacer battle-history"><br></div><div class="battle-history">LT51NP Jyt withdrew Kartana!<br></div><div class="battle-history">LT51NP Jyt sent out <strong>Magearna</strong>!<br></div><div class="spacer battle-history"><br></div><div class="battle-history">Pz.kpfwVI Ausf.E used <strong>Volt Switch</strong>!<br></div><div class="battle-history"><small>(The opposing Magearna lost 10% of its health!)</small><br></div><div class="spacer battle-history"><br></div><div class="battle-history">Pz.kpfwVI Ausf.E went back to LT51NP Hans!<br></div><div class="battle-history">Go! Henikel 177 Greif (<strong>Tornadus-Therian</strong>)!<br></div><div class="battle-history"><small>Pointed stones dug into Henikel 177 Greif!</small><br></div><div class="spacer battle-history"><br></div><div class="battle-history"><small>The rain stopped.</small><br></div><div class="spacer battle-history"><br></div><h2 class="battle-history">Turn 26</h2><div class="spacer battle-history"><br></div><div class="battle-history">Henikel 177 Greif used <strong>Defog</strong>!<br></div><div class="battle-history"><small>The opposing Magearna's evasiveness fell!</small><br></div><div class="battle-history"><small>The pointed stones disappeared from around your team!</small><br></div><div class="spacer battle-history"><br></div><div class="battle-history">The opposing Magearna used <strong>Ice Beam</strong>!<br></div><div class="battle-history"><small>It's super effective!</small><br></div><div class="battle-history"><small>(Henikel 177 Greif lost 58% of its health!)</small><br></div><div class="spacer battle-history"><br></div><div class="battle-history">Henikel 177 Greif fainted!<br></div><div class="battle-history"><small>[The opposing Magearna's Soul-Heart]</small><br></div><div class="battle-history"><small>The opposing Magearna's Special Attack rose!</small><br></div><div class="spacer battle-history"><br></div><div class="battle-history">Go! Brandenburger (<strong>Marowak-Alola</strong>)!<br></div><div class="spacer battle-history"><br></div><h2 class="battle-history">Turn 27</h2><div class="chat"><small> OVO sicko joined.</small></div><div class="chat message-error">LT51NP Jyt has 135 seconds left.</div><div class="chat message-error">LT51NP Jyt has 120 seconds left.</div><div class="chat message-error">LT51NP Jyt has 105 seconds left.</div><div class="spacer battle-history"><br></div><div class="battle-history">LT51NP Jyt withdrew Magearna!<br></div><div class="battle-history">LT51NP Jyt sent out <strong>Pelipper</strong>!<br></div><div class="battle-history"><small>[The opposing Pelipper's Drizzle]</small><br><small>It started to rain!</small><br></div><div class="spacer battle-history"><br></div><div class="battle-history">Brandenburger used <strong>Shadow Bone</strong>!<br></div><div class="battle-history"><small>(The opposing Pelipper lost 52% of its health!)</small><br></div><div class="spacer battle-history"><br></div><div class="battle-history"><small>(Rain continues to fall!)</small><br></div><div class="spacer battle-history"><br></div><h2 class="battle-history">Turn 28</h2><div class="chat"><small> The Hallows. left.</small></div><div class="spacer battle-history"><br></div><div class="battle-history">Brandenburger, come back!<br></div><div class="battle-history">Go! Sdkfz.251/7+8 (<strong>Alomomola</strong>)!<br></div><div class="spacer battle-history"><br></div><div class="battle-history">The opposing Pelipper used <strong>U-turn</strong>!<br></div><div class="battle-history"><small>(Sdkfz.251/7+8 lost 6% of its health!)</small><br></div><div class="spacer battle-history"><br></div><div class="battle-history">The opposing Pelipper went back to LT51NP Jyt!<br></div><div class="battle-history">LT51NP Jyt sent out <strong>Kartana</strong>!<br></div><div class="spacer battle-history"><br></div><div class="battle-history"><small>(Rain continues to fall!)</small><br></div><div class="battle-history"><small>Sdkfz.251/7+8 restored a little HP using its Leftovers!</small><br></div><div class="spacer battle-history"><br></div><h2 class="battle-history">Turn 29</h2><div class="chat chatmessage-lt51nphans"><strong style="color:hsl(348,42%,52.30294042852611%);"><small>☆</small><span class="username" data-name="LT51NP Hans">LT51NP Hans</span>:</strong> <em>seens like we all lose the game</em></div><div class="chat"><small> Baloor ☭ joined.</small></div><div class="spacer battle-history"><br></div><div class="battle-history">Sdkfz.251/7+8 used <strong>Protect</strong>!<br></div><div class="battle-history"><small>Sdkfz.251/7+8 protected itself!</small><br></div><div class="spacer battle-history"><br></div><div class="battle-history">The opposing Kartana used <strong>Leaf Blade</strong>!<br></div><div class="battle-history"><small>Sdkfz.251/7+8 protected itself!</small><br></div><div class="spacer battle-history"><br></div><div class="battle-history"><small>(Rain continues to fall!)</small><br></div><div class="battle-history"><small>Sdkfz.251/7+8 restored a little HP using its Leftovers!</small><br></div><div class="spacer battle-history"><br></div><h2 class="battle-history">Turn 30</h2><div class="chat"><small> The Hallows. joined.</small></div><div class="spacer battle-history"><br></div><div class="battle-history">Sdkfz.251/7+8, come back!<br></div><div class="battle-history">Go! Pz.kpfwVI Ausf.E (<strong>Magearna</strong>)!<br></div><div class="spacer battle-history"><br></div><div class="battle-history">The opposing Kartana used <strong>Leaf Blade</strong>!<br></div><div class="battle-history"><small>It's not very effective...</small><br></div><div class="battle-history"><small>(Pz.kpfwVI Ausf.E lost 36% of its health!)</small><br></div><div class="spacer battle-history"><br></div><div class="battle-history"><small>(Rain continues to fall!)</small><br></div><div class="spacer battle-history"><br></div><h2 class="battle-history">Turn 31</h2><div class="spacer battle-history"><br></div><div class="battle-history">The opposing Kartana used <strong>Leaf Blade</strong>!<br></div><div class="battle-history"><small>It's not very effective...</small><br></div><div class="battle-history"><small>(Pz.kpfwVI Ausf.E lost 33% of its health!)</small><br></div><div class="spacer battle-history"><br></div><div class="battle-history">Pz.kpfwVI Ausf.E used <strong>Ice Beam</strong>!<br></div><div class="battle-history"><small>(The opposing Kartana lost 57% of its health!)</small><br></div><div class="spacer battle-history"><br></div><div class="battle-history">The opposing Kartana fainted!<br></div><div class="battle-history"><small>[Pz.kpfwVI Ausf.E's Soul-Heart]</small><br></div><div class="battle-history"><small>Pz.kpfwVI Ausf.E's Special Attack rose!</small><br></div><div class="spacer battle-history"><br></div><div class="battle-history"><small>(Rain continues to fall!)</small><br></div><div class="chat"><small> Spec†ear joined.</small></div><div class="spacer battle-history"><br></div><div class="battle-history">LT51NP Jyt sent out <strong>Kingdra</strong>!<br></div><div class="spacer battle-history"><br></div><h2 class="battle-history">Turn 32</h2><div class="chat chatmessage-thehallows"><strong style="color:hsl(148,43%,37%);"><small> </small><span class="username" data-name="The Hallows.">The Hallows.</span>:</strong> <em>5 mins 50 pts jyt</em></div><div class="spacer battle-history"><br></div><div class="battle-history">Pz.kpfwVI Ausf.E, come back!<br></div><div class="battle-history">Go! Sdkfz.251/7+8 (<strong>Alomomola</strong>)!<br></div><div class="spacer battle-history"><br></div><div class="battle-history">The opposing Kingdra used <strong>Draco Meteor</strong>!<br></div><div class="battle-history"><small>(Sdkfz.251/7+8 lost 72% of its health!)</small><br></div><div class="battle-history"><small>The opposing Kingdra's Special Attack fell harshly!</small><br></div><div class="spacer battle-history"><br></div><div class="battle-history"><small>(Rain continues to fall!)</small><br></div><div class="battle-history"><small>Sdkfz.251/7+8 restored a little HP using its Leftovers!</small><br></div><div class="spacer battle-history"><br></div><h2 class="battle-history">Turn 33</h2><div class="chat"><small> No gorls joined.</small></div><div class="chat chatmessage-lt51nphans"><strong style="color:hsl(348,42%,52.30294042852611%);"><small>☆</small><span class="username" data-name="LT51NP Hans">LT51NP Hans</span>:</strong> <em>lol</em></div><div class="spacer battle-history"><br></div><div class="battle-history">LT51NP Jyt withdrew Kingdra!<br></div><div class="battle-history">LT51NP Jyt sent out <strong>Mimikyu</strong>!<br></div><div class="spacer battle-history"><br></div><div class="battle-history">Sdkfz.251/7+8 used <strong>Wish</strong>!<br></div><div class="spacer battle-history"><br></div><div class="battle-history"><small>(Rain continues to fall!)</small><br></div><div class="battle-history"><small>Sdkfz.251/7+8 restored a little HP using its Leftovers!</small><br></div><div class="spacer battle-history"><br></div><h2 class="battle-history">Turn 34</h2><div class="spacer battle-history"><br></div><div class="battle-history"><small>The opposing Mimikyu surrounded itself with its Z-Power!</small><br></div><div class="spacer battle-history"><br></div><div class="battle-history">The opposing Mimikyu used <strong>Never-Ending Nightmare</strong>!<br></div><div class="battle-history"><small>(Sdkfz.251/7+8 lost 40% of its health!)</small><br></div><div class="spacer battle-history"><br></div><div class="battle-history">Sdkfz.251/7+8 used <strong>Toxic</strong>!<br></div><div class="battle-history"><small>The opposing Mimikyu was badly poisoned!</small><br></div><div class="spacer battle-history"><br></div><div class="battle-history"><small>The rain stopped.</small><br></div><div class="battle-history"><small>Sdkfz.251/7+8's wish came true!</small><br></div><div class="battle-history"><small>Sdkfz.251/7+8 restored a little HP using its Leftovers!</small><br></div><div class="battle-history"><small>The opposing Mimikyu was hurt by poison!</small><br></div><div class="spacer battle-history"><br></div><h2 class="battle-history">Turn 35</h2><div class="chat chatmessage-nogorls"><strong style="color:hsl(200,78%,36%);"><small> </small><span class="username" data-name="No gorls">No gorls</span>:</strong> <em>EAT</em></div><div class="chat chatmessage-eternam"><strong style="color:hsl(16,88%,42.840897784560575%);"><small>+</small><span class="username" data-name="Eternam">Eternam</span>:</strong> <em>such a bad mon</em></div><div class="chat"><small> Ayoukoo left.</small></div><div class="chat chatmessage-nogorls"><strong style="color:hsl(200,78%,36%);"><small> </small><span class="username" data-name="No gorls">No gorls</span>:</strong> <em>mimikyu sucks</em></div><div class="chat chatmessage-lt51npmac"><strong style="color:hsl(290,46%,47.26544107192502%);"><small> </small><span class="username" data-name="LT51NP MAC">LT51NP MAC</span>:</strong> <em>bad plays rewarded</em></div><div class="spacer battle-history"><br></div><div class="battle-history">The opposing Mimikyu used <strong>Swords Dance</strong>!<br></div><div class="battle-history"><small>The opposing Mimikyu's Attack rose sharply!</small><br></div><div class="spacer battle-history"><br></div><div class="battle-history">Sdkfz.251/7+8 used <strong>Wish</strong>!<br></div><div class="spacer battle-history"><br></div><div class="battle-history"><small>Sdkfz.251/7+8 restored a little HP using its Leftovers!</small><br></div><div class="battle-history"><small>The opposing Mimikyu was hurt by poison!</small><br></div><div class="spacer battle-history"><br></div><h2 class="battle-history">Turn 36</h2><div class="spacer battle-history"><br></div><div class="battle-history">Sdkfz.251/7+8 used <strong>Protect</strong>!<br></div><div class="battle-history"><small>Sdkfz.251/7+8 protected itself!</small><br></div><div class="spacer battle-history"><br></div><div class="battle-history">The opposing Mimikyu used <strong>Swords Dance</strong>!<br></div><div class="battle-history"><small>The opposing Mimikyu's Attack rose sharply!</small><br></div><div class="spacer battle-history"><br></div><div class="battle-history"><small>Sdkfz.251/7+8's wish came true!</small><br></div><div class="battle-history"><small>The opposing Mimikyu was hurt by poison!</small><br></div><div class="spacer battle-history"><br></div><h2 class="battle-history">Turn 37</h2><div class="chat chatmessage-lt51npmac"><strong style="color:hsl(290,46%,47.26544107192502%);"><small> </small><span class="username" data-name="LT51NP MAC">LT51NP MAC</span>:</strong> <em>imagine</em></div><div class="spacer battle-history"><br></div><div class="battle-history">The opposing Mimikyu used <strong>Play Rough</strong>!<br></div><div class="battle-history"><small>(Sdkfz.251/7+8 lost 74% of its health!)</small><br></div><div class="spacer battle-history"><br></div><div class="battle-history">Sdkfz.251/7+8 used <strong>Wish</strong>!<br></div><div class="spacer battle-history"><br></div><div class="battle-history"><small>Sdkfz.251/7+8 restored a little HP using its Leftovers!</small><br></div><div class="battle-history"><small>The opposing Mimikyu was hurt by poison!</small><br></div><div class="spacer battle-history"><br></div><h2 class="battle-history">Turn 38</h2><div class="spacer battle-history"><br></div><div class="battle-history">Sdkfz.251/7+8 used <strong>Protect</strong>!<br></div><div class="battle-history"><small>Sdkfz.251/7+8 protected itself!</small><br></div><div class="spacer battle-history"><br></div><div class="battle-history">The opposing Mimikyu used <strong>Swords Dance</strong>!<br></div><div class="battle-history"><small>The opposing Mimikyu's Attack rose sharply!</small><br></div><div class="spacer battle-history"><br></div><div class="battle-history"><small>Sdkfz.251/7+8's wish came true!</small><br></div><div class="battle-history"><small>Sdkfz.251/7+8 restored a little HP using its Leftovers!</small><br></div><div class="battle-history"><small>The opposing Mimikyu was hurt by poison!</small><br></div><div class="spacer battle-history"><br></div><h2 class="battle-history">Turn 39</h2><div class="chat chatmessage-nogorls"><strong style="color:hsl(200,78%,36%);"><small> </small><span class="username" data-name="No gorls">No gorls</span>:</strong> <em>read like a book</em></div><div class="spacer battle-history"><br></div><div class="battle-history">Sdkfz.251/7+8, come back!<br></div><div class="battle-history">Go! Junkers Ju-87 (<strong>Thundurus-Therian</strong>)!<br></div><div class="spacer battle-history"><br></div><div class="battle-history">The opposing Mimikyu used <strong>Play Rough</strong>!<br></div><div class="battle-history"><small>(Junkers Ju-87 lost 100% of its health!)</small><br></div><div class="spacer battle-history"><br></div><div class="battle-history">Junkers Ju-87 fainted!<br></div><div class="spacer battle-history"><br></div><div class="battle-history"><small>The opposing Mimikyu was hurt by poison!</small><br></div><div class="spacer battle-history"><br></div><div class="battle-history">The opposing Mimikyu fainted!<br></div><div class="chat chatmessage-nogorls"><strong style="color:hsl(200,78%,36%);"><small> </small><span class="username" data-name="No gorls">No gorls</span>:</strong> <em>lowkey</em></div><div class="spacer battle-history"><br></div><div class="battle-history">Go! Messers. Bf-109 (<strong>Pinsir-Mega</strong>)!<br></div><div class="spacer battle-history"><br></div><div class="battle-history">LT51NP Jyt sent out <strong>Pelipper</strong>!<br></div><div class="battle-history"><small>[The opposing Pelipper's Drizzle]</small><br><small>It started to rain!</small><br></div><div class="spacer battle-history"><br></div><h2 class="battle-history">Turn 40</h2><div class="spacer battle-history"><br></div><div class="battle-history">Messers. Bf-109 used <strong>Return</strong>!<br></div><div class="battle-history"><small>(The opposing Pelipper lost 42% of its health!)</small><br></div><div class="spacer battle-history"><br></div><div class="battle-history">The opposing Pelipper fainted!<br></div><div class="spacer battle-history"><br></div><div class="battle-history"><small>(Rain continues to fall!)</small><br></div><div class="chat"><small> Kappucceeone joined.</small></div><div class="spacer battle-history"><br></div><div class="battle-history">LT51NP Jyt sent out <strong>Kingdra</strong>!<br></div><div class="spacer battle-history"><br></div><h2 class="battle-history">Turn 41</h2><div class="spacer battle-history"><br></div><div class="battle-history">Messers. Bf-109 used <strong>Quick Attack</strong>!<br></div><div class="battle-history"><small>(The opposing Kingdra lost 32% of its health!)</small><br></div><div class="spacer battle-history"><br></div><div class="battle-history">The opposing Kingdra used <strong>Hydro Pump</strong>!<br></div><div class="battle-history"><small>Messers. Bf-109 avoided the attack!</small><br></div><div class="spacer battle-history"><br></div><div class="battle-history"><small>(Rain continues to fall!)</small><br></div><div class="spacer battle-history"><br></div><h2 class="battle-history">Turn 42</h2><div class="chat chatmessage-lt51nphans"><strong style="color:hsl(348,42%,52.30294042852611%);"><small>☆</small><span class="username" data-name="LT51NP Hans">LT51NP Hans</span>:</strong> <em>wp</em></div><div class="chat chatmessage-lt51npjyt"><strong style="color:hsl(303,42%,49%);"><small>☆</small><span class="username" data-name="LT51NP Jyt">LT51NP Jyt</span>:</strong> <em>gg</em></div><div class="spacer battle-history"><br></div><div class="battle-history"><small>LT51NP Jyt forfeited.</small><br></div><div class="spacer battle-history"><br></div><div class="battle-history"><strong>LT51NP Hans</strong> won the battle!<br></div><div class="chat chatmessage-lt51npmac"><strong style="color:hsl(290,46%,47.26544107192502%);"><small> </small><span class="username" data-name="LT51NP MAC">LT51NP MAC</span>:</strong> <em>man</em></div><div class="chat"><small> pitches joined.</small></div><div class="chat chatmessage-nogorls"><strong style="color:hsl(200,78%,36%);"><small> </small><span class="username" data-name="No gorls">No gorls</span>:</strong> <em>f</em></div><div class="chat"><small>☆LT51NP Jyt left.</small></div><div class="chat"><small> No gorls left.</small></div><div class="chat">LT51NP Hans's rating: 2068 → <strong>2089</strong><br>(+21 for winning)</div><div class="chat">LT51NP Jyt's rating: 2099 → <strong>2077</strong><br>(-22 for losing)</div><div class="chat"><small> Hurl into Darkness left.</small></div><div class="chat"><small> LT51NP Hay left.</small></div><div class="chat"><small> LT51NP MAC left.</small></div><div class="chat"><small> tsmugs left.</small></div><div class="chat"><small> pitches left.</small></div><div class="chat"><small>+Eternam left.</small></div><div class="chat"><small> Neva Meta left.</small></div><div class="chat"><small> German111 left.</small></div><div class="chat"><small> Bewhammer left.</small></div><div class="chat"><small>+soulgazer left.</small></div><div class="chat"><small> Baloor ☭ left.</small></div><div class="chat"><small> The Hallows. left.</small></div><div class="chat"><small> Spec†ear left.</small></div><div class="chat"><small>+Leo left.</small></div><div class="chat"><small> bop dash space left.</small></div><div class="chat"><small> lax (◠‿◠✿) left.</small></div><div class="chat"><small> HelloTheEnd left.</small></div><div class="chat"><small> melancholy hills left.</small></div><div class="chat"><small> LT51NP IPF left.</small></div><div class="chat"><small> OVO sicko left.</small></div><div class="chat"><small> Wabane left.</small></div><div class="chat"><small> Bewhammer joined.</small></div><div class="chat"><small> Bewhammer left.</small></div><div class="chat"><small> abejas left.</small></div><div class="chat"><small> SweetPosho left.</small></div><div class="chat"><small> supa dupa hoopa joined.</small></div><div class="chat"><small> supa dupa hoopa left.</small></div><div class="chat chatmessage-lt51nphans"><strong style="color:hsl(348,42%,52.30294042852611%);"><small>☆</small><span class="username" data-name="LT51NP Hans">LT51NP Hans</span>:</strong> <em>tks to all</em></div><div class="chat chatmessage-lt51nphans"><strong style="color:hsl(348,42%,52.30294042852611%);"><small>☆</small><span class="username" data-name="LT51NP Hans">LT51NP Hans</span>:</strong> <em>The first week has gone</em></div><div class="chat"><small> lt51np blarghmilas joined.</small></div><div class="chat"><small> lt51np blarghmilas left.</small></div></div><div class="inner-preempt"></div></div></div>
</div>
<script>
let daily = Math.floor(Date.now()/1000/60/60/24);document.write('<script src="https://play.pokemonshowdown.com/js/replay-embed.js?version'+daily+'"></'+'script>');
</script>
