<!DOCTYPE html>
<meta charset="utf-8" />
<!-- version 1 -->
<title>[Gen 7] OU replay: lt41c sorry vs. LT41M Za Meowdo</title>
<style>
html,body {font-family:Verdana, sans-serif;font-size:10pt;margin:0;padding:0;}body{padding:12px 0;} .battle-log {font-family:Verdana, sans-serif;font-size:10pt;} .battle-log-inline {border:1px solid #AAAAAA;background:#EEF2F5;color:black;max-width:640px;margin:0 auto 80px;padding-bottom:5px;} .battle-log .inner {padding:4px 8px 0px 8px;} .battle-log .inner-preempt {padding:0 8px 4px 8px;} .battle-log .inner-after {margin-top:0.5em;} .battle-log h2 {margin:0.5em -8px;padding:4px 8px;border:1px solid #AAAAAA;background:#E0E7EA;border-left:0;border-right:0;font-family:Verdana, sans-serif;font-size:13pt;} .battle-log .chat {vertical-align:middle;padding:3px 0 3px 0;font-size:8pt;} .battle-log .chat strong {color:#40576A;} .battle-log .chat em {padding:1px 4px 1px 3px;color:#000000;font-style:normal;} .chat.mine {background:rgba(0,0,0,0.05);margin-left:-8px;margin-right:-8px;padding-left:8px;padding-right:8px;} .spoiler {color:#BBBBBB;background:#BBBBBB;padding:0px 3px;} .spoiler:hover, .spoiler:active, .spoiler-shown {color:#000000;background:#E2E2E2;padding:0px 3px;} .spoiler a {color:#BBBBBB;} .spoiler:hover a, .spoiler:active a, .spoiler-shown a {color:#2288CC;} .chat code, .chat .spoiler:hover code, .chat .spoiler:active code, .chat .spoiler-shown code {border:1px solid #C0C0C0;background:#EEEEEE;color:black;padding:0 2px;} .chat .spoiler code {border:1px solid #CCCCCC;background:#CCCCCC;color:#CCCCCC;} .battle-log .rated {padding:3px 4px;} .battle-log .rated strong {color:white;background:#89A;padding:1px 4px;border-radius:4px;} .spacer {margin-top:0.5em;} .message-announce {background:#6688AA;color:white;padding:1px 4px 2px;} .message-announce a, .broadcast-green a, .broadcast-blue a, .broadcast-red a {color:#DDEEFF;} .broadcast-green {background-color:#559955;color:white;padding:2px 4px;} .broadcast-blue {background-color:#6688AA;color:white;padding:2px 4px;} .infobox {border:1px solid #6688AA;padding:2px 4px;} .infobox-limited {max-height:200px;overflow:auto;overflow-x:hidden;} .broadcast-red {background-color:#AA5544;color:white;padding:2px 4px;} .message-learn-canlearn {font-weight:bold;color:#228822;text-decoration:underline;} .message-learn-cannotlearn {font-weight:bold;color:#CC2222;text-decoration:underline;} .message-effect-weak {font-weight:bold;color:#CC2222;} .message-effect-resist {font-weight:bold;color:#6688AA;} .message-effect-immune {font-weight:bold;color:#666666;} .message-learn-list {margin-top:0;margin-bottom:0;} .message-throttle-notice, .message-error {color:#992222;} .message-overflow, .chat small.message-overflow {font-size:0pt;} .message-overflow::before {font-size:9pt;content:'...';} .subtle {color:#3A4A66;}
</style>
<div class="wrapper replay-wrapper" style="max-width:1180px;margin:0 auto">
<input type="hidden" name="replayid" value="gen7ou-614713549" />
<div class="battle"></div><div class="battle-log"></div><div class="replay-controls"></div><div class="replay-controls-2"></div>
<h1 style="font-weight:normal;text-align:center"><strong>[Gen 7] OU</strong><br /><a href="http://pokemonshowdown.com/users/lt41csorry" class="subtle" target="_blank">lt41c sorry</a> vs. <a href="http://pokemonshowdown.com/users/lt41mzameowdo" class="subtle" target="_blank">LT41M Za Meowdo</a></h1>
<script type="text/plain" class="battle-log-data">|j|lt41c sorry
|j|LT41M Za Meowdo
|player|p1|lt41c sorry|20
|teamsize|p1|6
|player|p2|LT41M Za Meowdo|95
|teamsize|p2|6
|gametype|singles
|gen|7
|tier|[Gen 7] OU
|rated
|seed|11853,25131,183,59221
|rule|Sleep Clause Mod: Limit one foe put to sleep
|rule|Species Clause: Limit one of each Pokémon
|rule|OHKO Clause: OHKO moves are banned
|rule|Moody Clause: Moody is banned
|rule|Evasion Moves Clause: Evasion moves are banned
|rule|Endless Battle Clause: Forcing endless battles is banned
|rule|HP Percentage Mod: HP is shown in percentages
|clearpoke
|poke|p1|Ninetales-Alola, F|item
|poke|p1|Magearna|item
|poke|p1|Zygarde|item
|poke|p1|Mawile, M|item
|poke|p1|Manaphy|item
|poke|p1|Landorus-Therian, M|item
|poke|p2|Sableye, M|item
|poke|p2|Toxapex, M|item
|poke|p2|Dugtrio, F|item
|poke|p2|Chansey, F|item
|poke|p2|Skarmory, M|item
|poke|p2|Clefable, F, shiny|item
|teampreview
|j|LT41A Hayburner
|inactive|Battle timer is ON: inactive players will automatically lose when time's up. (requested by lt41c sorry)
|j|Borrower
|j|LT41A suapah
|j|tsmugs
|j|LT41A AYEVON
|c|☆lt41c sorry|gl hf
|c| LT41A Hayburner|You had to get another game didn't u....
|c|☆lt41c sorry|horse.
|c|☆lt41c sorry|dude
|j|backfromtheparty
|c|☆lt41c sorry|if i do
|c|☆lt41c sorry|im 1
|c|☆lt41c sorry|on the ladder
|c|☆lt41c sorry|its worht it
|j|LT41A Kdot
|c| LT41A Hayburner|Ssssssiiiiiiiiiggggghhhhh
|inactive|LT41M Za Meowdo has 120 seconds left.
|j|GOATDON
|c| LT41A Kdot|Free points
|c| LT41A Kdot|lets get it
|c| LT41A Hayburner|This is actually free points tho
|c| LT41A Hayburner|xd
|inactive|LT41M Za Meowdo has 90 seconds left.
|j|LT41X BK
|c| LT41A Hayburner|Man's loaded up SPL stall vs veil
|j|LT41B Paycard
|j|Wyn
|choice|team 5, team 2, team 3, team 4, team 1, team 6|team 3, team 2, team 1, team 4, team 5, team 6
|
|start
|switch|p1a: Manaphy|Manaphy|341\/341
|switch|p2a: Dugtrio|Dugtrio, F|211\/211
|turn|1
|j|ez!
|j|FrozenCold
|j|justiciable
|j|asgdgsdag
|j|FMG *_*
|j|daddyneedshisjuice
|j|hi ye
|c| asgdgsdag|bro after this game
|j|blarghlfarghl~~
|c| asgdgsdag|take a break
|j|n00b
|j|WECAMEASROMANS
|c| FMG *_*|GO SORRY
|j|s0p
|j|True( ´_ゝ')drew
|j|Jet
|inactive|lt41c sorry has 120 seconds left.
|choice|move surf|switch 4
|
|switch|p2a: Chansey|Chansey, F|703\/703
|move|p1a: Manaphy|Surf|p2a: Chansey
|-damage|p2a: Chansey|616\/703
|
|upkeep
|turn|2
|c| blarghlfarghl~~|kek
|c| True( ´_ゝ')drew|he aint sorry
|j|tigers jaw
|c| True( ´_ゝ')drew|reppin wg
|j|Void
|j|LT41A Eko
|choice|switch 5|move seismictoss
|
|switch|p1a: Ninetales|Ninetales-Alola, F|350\/350
|-weather|Hail|[from] ability: Snow Warning|[of] p1a: Ninetales
|move|p2a: Chansey|Seismic Toss|p1a: Ninetales
|-damage|p1a: Ninetales|250\/350
|
|-weather|Hail|[upkeep]
|-damage|p2a: Chansey|573\/703|[from] hail
|upkeep
|turn|3
|c| daddyneedshisjuice|is it to late to say sorry
|c| LT41A Eko|sorry
|c| LT41A Eko|why
|choice|move hypnosis|move stealthrock
|
|move|p1a: Ninetales|Hypnosis|p2a: Chansey|[miss]
|-miss|p1a: Ninetales|p2a: Chansey
|move|p2a: Chansey|Stealth Rock|p1a: Ninetales
|-sidestart|p1: lt41c sorry|move: Stealth Rock
|
|-weather|Hail|[upkeep]
|-damage|p2a: Chansey|530\/703|[from] hail
|upkeep
|turn|4
|l|Jet
|c| LT41A Eko|did u load
|c| blarghlfarghl~~|?_?
|j|No Pretzel
|choice|move auroraveil|move seismictoss
|
|move|p1a: Ninetales|Aurora Veil|p1a: Ninetales
|-sidestart|p1: lt41c sorry|move: Aurora Veil
|move|p2a: Chansey|Seismic Toss|p1a: Ninetales
|-damage|p1a: Ninetales|150\/350
|
|-weather|Hail|[upkeep]
|-damage|p2a: Chansey|487\/703|[from] hail
|upkeep
|turn|5
|c| LT41A Eko|an another game
|choice|move hypnosis|move toxic
|
|move|p1a: Ninetales|Hypnosis|p2a: Chansey
|-status|p2a: Chansey|slp
|cant|p2a: Chansey|slp
|
|-weather|Hail|[upkeep]
|-damage|p2a: Chansey|444\/703 slp|[from] hail
|upkeep
|turn|6
|c| LT41A Eko|broo
|c| n00b|nice hit
|choice|switch 6|move toxic
|
|switch|p1a: Landorus|Landorus-Therian, M|320\/320
|-damage|p1a: Landorus|280\/320|[from] Stealth Rock
|-ability|p1a: Landorus|Intimidate|boost
|-unboost|p2a: Chansey|atk|1
|cant|p2a: Chansey|slp
|
|-weather|none
|upkeep
|turn|7
|c| asgdgsdag|this matchups a free win too lmao
|choice|move stealthrock|switch 5
|
|-curestatus|p2a: Chansey|slp|[from] ability: Natural Cure
|switch|p2a: Skarmory|Skarmory, M|334\/334
|move|p1a: Landorus|Stealth Rock|p2a: Skarmory
|-sidestart|p2: LT41M Za Meowdo|move: Stealth Rock
|
|upkeep
|turn|8
|j|lt41 flcl
|choice|switch 5|move toxic
|
|switch|p1a: Manaphy|Manaphy|341\/341
|-damage|p1a: Manaphy|299\/341|[from] Stealth Rock
|move|p2a: Skarmory|Toxic|p1a: Manaphy
|-status|p1a: Manaphy|tox
|
|-damage|p1a: Manaphy|278\/341 tox|[from] psn
|upkeep
|turn|9
|j|kas$h fam chop
|l|lt41 flcl
|choice|move raindance|switch 5
|
|switch|p2a: Chansey|Chansey, F|444\/703
|-damage|p2a: Chansey|357\/703|[from] Stealth Rock
|move|p1a: Manaphy|Rain Dance|p1a: Manaphy
|-weather|RainDance
|
|-weather|RainDance|[upkeep]
|-activate|p1a: Manaphy|ability: Hydration
|-curestatus|p1a: Manaphy|tox|[msg]
|upkeep
|turn|10
|choice|move tailglow|switch 2
|
|switch|p2a: Toxapex|Toxapex, M|304\/304
|-damage|p2a: Toxapex|266\/304|[from] Stealth Rock
|move|p1a: Manaphy|Tail Glow|p1a: Manaphy
|-boost|p1a: Manaphy|spa|3
|
|-weather|RainDance|[upkeep]
|upkeep
|turn|11
|j|Genesis7
|c| FMG *_*|nice play
|c| GOATDON|xd
|c| LT41A Hayburner|XD
|c| blarghlfarghl~~|aw
|c| FMG *_*|XD
|c| LT41A Eko|how
|c| LT41A Hayburner|Fmg ur a nice play :3
|c| blarghlfarghl~~|he wants his good friend sorry to have it
|c| blarghlfarghl~~|cute
|c| LT41A Kdot|Counters on deck
|c| FMG *_*|thx hayburner
|c| FMG *_*|u2
|inactive|LT41M Za Meowdo has 120 seconds left.
|c| kas$h fam chop|fagg
|c| LT41A Eko|lmao
|j|Vore Gidal
|c|☆lt41c sorry|252 Atk Dugtrio Tectonic Rage (180 BP) vs. 4 HP \/ 0 Def Manaphy: 246-289 (71.9 - 84.5%) -- guaranteed 2HKO after Stealth Rock
|c|☆lt41c sorry|uh oh
|c| FMG *_*|uh oh
|inactive|LT41M Za Meowdo has 90 seconds left.
|j|NJNP➏神
|c| LT41A Hayburner|You already know he's critting too
|c| kas$h fam chop|bluff god?
|c| LT41A Hayburner|XD
|c|☆lt41c sorry|i mean this is my last game
|c|☆lt41c sorry|if i wn
|c|☆lt41c sorry|n_n
|c| FMG *_*|c:
|c| kas$h fam chop|bro
|c| kas$h fam chop|aggro timer
|c| kas$h fam chop|hit that shit
|inactive|LT41M Za Meowdo has 60 seconds left.
|c|☆lt41c sorry|timer is on
|c|☆lt41c sorry|lol.
|l|tsmugs
|c| LT41A Hayburner|Camilass
|j|Jet
|j|LT41X patlop2307
|c| kas$h fam chop|-bluff god
|c| blarghlfarghl~~|z is bad
|c|☆lt41c sorry|meowdo
|c|☆lt41c sorry|ar u really stalling
|c|☆lt41c sorry|so i dont qualify
|c| blarghlfarghl~~|OML
|c| blarghlfarghl~~|its camilas
|inactive|LT41M Za Meowdo has 40 seconds left.
|c|☆lt41c sorry|clikc ur move
|c| LT41A Hayburner|Just take that timer win
|c|☆lt41c sorry|lmao
|l|LT41A Kdot
|c| True( ´_ゝ')drew|oml
|c|☆lt41c sorry|no ik what hes doing
|c| kas$h fam chop|bro y would u hl
|c| blarghlfarghl~~|u qual at this elo already
|c|☆lt41c sorry|niggas did this
|c| blarghlfarghl~~|idiot
|c|☆lt41c sorry|last cycle
|c| kas$h fam chop|what if hes afk
|j|tsmugs
|c| kas$h fam chop|lmfao
|inactive|LT41M Za Meowdo has 30 seconds left.
|c| kas$h fam chop|lowe him
|c| asgdgsdag|hes gonna go with 10 seconds left
|c| asgdgsdag|every turn
|j|jefff winger
|c| kas$h fam chop|get ur ddosers
|inactive|LT41M Za Meowdo has 20 seconds left.
|c| asgdgsdag|zzz
|c| FMG *_*|sorry remember this
|c| FMG *_*|[00:42:43] LT41M Za Meowdo: what does veil do againt stall
|c| blarghlfarghl~~|zzzz
|c| FMG *_*|[00:42:45] LT41M Za Meowdo: x?
|c| LT41X patlop2307|This is gold
|c|☆lt41c sorry|PLEASE
|c|☆lt41c sorry|PLEASE
|c|☆lt41c sorry|PLEASE
|c| asgdgsdag|bro everyone
|c| LT41X patlop2307|Olololololol
|c|☆lt41c sorry|PLEASE
|c| asgdgsdag|joi
|c| LT41A Hayburner|LIL
|c|☆lt41c sorry|TIME OUT
|c| blarghlfarghl~~|goodbye
|c|☆lt41c sorry|TIME OUT
|c| kas$h fam chop|ddos
|inactive|LT41M Za Meowdo has 10 seconds left.
|c| asgdgsdag|.lmfao
|c| LT41A Hayburner|LOL
|c| Void|it doesnt accomplish anything tho
|c| FMG *_*|[00:42:43] LT41M Za Meowdo: what does veil do againt stall
|c| asgdgsdag|time out
|c|☆lt41c sorry|TIME OUT
|c| blarghlfarghl~~|sayonara
|c| FMG *_*|[00:42:45] LT41M Za Meowdo: x?
|c|☆lt41c sorry|DDOS
|c| asgdgsdag|LOOOOOL
|c|☆lt41c sorry|TIMT
|c|☆lt41c sorry|DDOS
|c|☆lt41c sorry|TIME
|c|☆lt41c sorry|DDOS
|c| n00b|LMFAOOOOOOOOOOOOOOOOO
|c| blarghlfarghl~~|GG.
|c|☆lt41c sorry|TIME
|choice|move psychic|switch 3
|
|switch|p2a: Sableye|Sableye, M|303\/303
|-damage|p2a: Sableye|266\/303|[from] Stealth Rock
|move|p1a: Manaphy|Psychic|p2a: Sableye
|-immune|p2a: Sableye|[msg]
|
|-weather|RainDance|[upkeep]
|-sideend|p1: lt41c sorry|move: Aurora Veil
|upkeep
|turn|12
|c| LT41X patlop2307|LOOOOOOOOOL
|c|☆lt41c sorry|DDOS
|c| Void|the sorry guy is top 8 and he isnt
|c| blarghlfarghl~~|OMG
|c| asgdgsdag|fuck
|c| kas$h fam chop|,
|c| blarghlfarghl~~|LMGAO
|c| LT41X patlop2307|RIP
|c|☆LT41M Za Meowdo|?
|c| FMG *_*|LMAO
|c|☆lt41c sorry|UEAJ
|c| kas$h fam chop|LOLO
|c| n00b|TIMERSTALL
|c| WECAMEASROMANS|LOL
|c| blarghlfarghl~~|THE TSTAL
|c| WECAMEASROMANS|OWNED
|c| LT41A AYEVON|LOL
|c| kas$h fam chop|niggas ass
|c| blarghlfarghl~~|KING
|c|☆lt41c sorry|if u time stall
|c| FMG *_*|STALLED
|c|☆lt41c sorry|me again
|c| blarghlfarghl~~|ITS HIM!
|inactive|LT41M Za Meowdo has 90 seconds left.
|c| LT41A AYEVON|KING MEWDO
|c|☆lt41c sorry|im callig a mod
|c| LT41A Eko|loool
|c| daddyneedshisjuice|LOL
|c| GOATDON|lol
|c|☆lt41c sorry|i dont have all day
|c|☆lt41c sorry|to sit here
|j|PlayEdenEternalwMe
|c| LT41A Hayburner|LMAO
|c| blarghlfarghl~~|LMAO
|j|SAMQIAN
|c| GOATDON|loooool
|c|☆lt41c sorry|bcuz ur petty
|c| blarghlfarghl~~|HE DIDNT ADMIT IT
|c|☆lt41c sorry|as fuck
|c| blarghlfarghl~~|IT MEANS NOTHING
|c| n00b|TILTED
|c| n00b|AF
|c| asgdgsdag|bro call a mod if he timestalls this turn
|c| hi ye|hi n00b
|j|yrs
|c| n00b|hi hiye
|l|asgdgsdag
|inactive|LT41M Za Meowdo has 60 seconds left.
|c| WECAMEASROMANS|hes not timestalling hes just thinking really hard!!
|c| WECAMEASROMANS|its a tough play!
|j|go sorry
|l|LT41A suapah
|j|LT41A suapah
|choice|move surf|move protect
|
|move|p2a: Sableye|Protect|p2a: Sableye
|-singleturn|p2a: Sableye|Protect
|move|p1a: Manaphy|Surf|p2a: Sableye
|-activate|p2a: Sableye|move: Protect
|
|-weather|RainDance|[upkeep]
|upkeep
|turn|13
|c| GOATDON|whys he even playin this game is over
|c| LT41A Hayburner|Damn wcar you're right he needed that whole 2 minutes
|c| kas$h fam chop|your ghosters are ass
|c| kas$h fam chop|lmfao
|l|LT41X patlop2307
|choice|move surf|switch 3
|
|switch|p2a: Toxapex|Toxapex, M|304\/304
|-damage|p2a: Toxapex|266\/304|[from] Stealth Rock
|move|p1a: Manaphy|Surf|p2a: Toxapex
|-resisted|p2a: Toxapex
|-damage|p2a: Toxapex|76\/304
|-enditem|p2a: Toxapex|Eject Button
|c| True( ´_ゝ')drew|its everyday bro
|c| go sorry|who doesnt g again
|c| go sorry|garbage
|choice||switch 6
|
|switch|p2a: Clefable|Clefable, F, shiny|394\/394
|-damage|p2a: Clefable|345\/394|[from] Stealth Rock
|
|-weather|none
|-heal|p2a: Clefable|369\/394|[from] item: Leftovers
|upkeep
|turn|14
|c|☆LT41M Za Meowdo|over
|j|LT41Y YAKO
|c|☆LT41M Za Meowdo|they said
|c|☆LT41M Za Meowdo|:D
|l|SAMQIAN
|c| donttimestallMeow|>
|raw|<div class="broadcast-red"><strong>Moderated chat was set to +!<\/strong><br \/>Only users of rank + and higher can talk.<\/div>
|c|☆lt41c sorry|za meowdo
|j|SAMQIAN
|inactive|LT41M Za Meowdo has 60 seconds left.
|choice|move raindance|move moonblast
|
|move|p1a: Manaphy|Rain Dance|p1a: Manaphy
|-weather|RainDance
|move|p2a: Clefable|Moonblast|p1a: Manaphy
|-damage|p1a: Manaphy|166\/341
|
|-weather|RainDance|[upkeep]
|-heal|p2a: Clefable|393\/394|[from] item: Leftovers
|upkeep
|turn|15
|c|☆lt41c sorry|click ur move
|choice|move surf zmove|move protect
|
|move|p2a: Clefable|Protect|p2a: Clefable
|-singleturn|p2a: Clefable|Protect
|-zpower|p1a: Manaphy
|move|p1a: Manaphy|Hydro Vortex|p2a: Clefable|[zeffect]
|-message|Clefable couldn't fully protect itself and got hurt! (placeholder)
|-damage|p2a: Clefable|280\/394
|
|-weather|RainDance|[upkeep]
|-heal|p2a: Clefable|304\/394|[from] item: Leftovers
|upkeep
|turn|16
|j|Scyther NO Swiping
|choice|move surf|move wish
|
|move|p1a: Manaphy|Surf|p2a: Clefable
|-damage|p2a: Clefable|84\/394
|move|p2a: Clefable|Wish|p2a: Clefable
|
|-weather|RainDance|[upkeep]
|-heal|p2a: Clefable|108\/394|[from] item: Leftovers
|upkeep
|turn|17
|choice|switch 5|move protect
|
|switch|p1a: Landorus|Landorus-Therian, M|280\/320
|-damage|p1a: Landorus|240\/320|[from] Stealth Rock
|-ability|p1a: Landorus|Intimidate|boost
|-unboost|p2a: Clefable|atk|1
|move|p2a: Clefable|Protect|p2a: Clefable
|-fail|p2a: Clefable
|
|-weather|RainDance|[upkeep]
|-heal|p2a: Clefable|305\/394|[from] move: Wish|[wisher] Clefable
|-heal|p2a: Clefable|329\/394|[from] item: Leftovers
|upkeep
|turn|18
|j|The Emp's Revenge
|c|☆LT41M Za Meowdo|sick
|c|☆LT41M Za Meowdo|finisher
|inactive|LT41M Za Meowdo has 60 seconds left.
|choice|move earthquake|move protect
|
|move|p2a: Clefable|Protect|p2a: Clefable
|-singleturn|p2a: Clefable|Protect
|move|p1a: Landorus|Earthquake|p2a: Clefable
|-activate|p2a: Clefable|move: Protect
|
|-weather|none
|-heal|p2a: Clefable|353\/394|[from] item: Leftovers
|upkeep
|turn|19
|choice|move earthquake|move wish
|
|move|p1a: Landorus|Earthquake|p2a: Clefable
|-damage|p2a: Clefable|167\/394
|move|p2a: Clefable|Wish|p2a: Clefable
|
|-heal|p2a: Clefable|191\/394|[from] item: Leftovers
|upkeep
|turn|20
|choice|move earthquake|move protect
|
|move|p2a: Clefable|Protect|p2a: Clefable
|-singleturn|p2a: Clefable|Protect
|move|p1a: Landorus|Earthquake|p2a: Clefable
|-activate|p2a: Clefable|move: Protect
|
|-heal|p2a: Clefable|388\/394|[from] move: Wish|[wisher] Clefable
|-heal|p2a: Clefable|394\/394|[from] item: Leftovers
|upkeep
|turn|21
|choice|move knockoff|switch 5
|
|switch|p2a: Skarmory|Skarmory, M|334\/334
|-damage|p2a: Skarmory|293\/334|[from] Stealth Rock
|move|p1a: Landorus|Knock Off|p2a: Skarmory
|-damage|p2a: Skarmory|221\/334
|-enditem|p2a: Skarmory|Shed Shell|[from] move: Knock Off|[of] p1a: Landorus
|
|upkeep
|turn|22
|choice|move smackdown|move roost
|
|move|p1a: Landorus|Smack Down|p2a: Skarmory
|-damage|p2a: Skarmory|183\/334
|-start|p2a: Skarmory|Smack Down
|move|p2a: Skarmory|Roost|p2a: Skarmory
|-heal|p2a: Skarmory|334\/334
|
|upkeep
|turn|23
|choice|move knockoff|move counter
|
|move|p1a: Landorus|Knock Off|p2a: Skarmory
|-damage|p2a: Skarmory|280\/334
|move|p2a: Skarmory|Counter|p1a: Landorus
|-damage|p1a: Landorus|132\/320
|
|upkeep
|turn|24
|j|GxK
|j|Albert Enstein ♥
|inactive|LT41M Za Meowdo has 90 seconds left.
|l|Albert Enstein ♥
|j|kraken danger
|inactive|LT41M Za Meowdo has 60 seconds left.
|inactive|LT41M Za Meowdo has 40 seconds left.
|c|☆lt41c sorry|hes really
|inactive|LT41M Za Meowdo has 30 seconds left.
|c|☆lt41c sorry|timer stalling
|c|☆lt41c sorry|this is kinda sad
|inactive|LT41M Za Meowdo has 20 seconds left.
|inactive|LT41M Za Meowdo has 10 seconds left.
|choice|move earthquake|move counter
|
|move|p1a: Landorus|Earthquake|p2a: Skarmory
|-supereffective|p2a: Skarmory
|-damage|p2a: Skarmory|0 fnt
|faint|p2a: Skarmory
|
|upkeep
|c|☆LT41M Za Meowdo|im just playing 2
|inactive|LT41M Za Meowdo has 10 seconds left.
|choice||switch 3
|
|switch|p2a: Sableye|Sableye, M|266\/303
|-damage|p2a: Sableye|229\/303|[from] Stealth Rock
|turn|25
|choice|switch 5|move willowisp
|
|switch|p1a: Manaphy|Manaphy|166\/341
|-damage|p1a: Manaphy|124\/341|[from] Stealth Rock
|move|p2a: Sableye|Will-O-Wisp|p1a: Manaphy
|-status|p1a: Manaphy|brn
|
|-damage|p1a: Manaphy|103\/341 brn|[from] brn
|upkeep
|turn|26
|l|tigers jaw
|j|4gb
|choice|move surf|move knockoff
|
|move|p1a: Manaphy|Surf|p2a: Sableye
|-damage|p2a: Sableye|64\/303
|move|p2a: Sableye|Knock Off|p1a: Manaphy
|-damage|p1a: Manaphy|40\/341 brn
|
|-damage|p1a: Manaphy|19\/341 brn|[from] brn
|upkeep
|turn|27
|choice|move surf|move recover
|
|move|p2a: Sableye|Recover|p2a: Sableye
|-heal|p2a: Sableye|216\/303
|move|p1a: Manaphy|Surf|p2a: Sableye
|-damage|p2a: Sableye|53\/303
|
|-damage|p1a: Manaphy|0 fnt|[from] brn
|upkeep
|faint|p1a: Manaphy
|choice|switch 6|
|
|switch|p1a: Ninetales|Ninetales-Alola, F|150\/350
|-damage|p1a: Ninetales|63\/350|[from] Stealth Rock
|-weather|Hail|[from] ability: Snow Warning|[of] p1a: Ninetales
|turn|28
|j|LT41B Shoka
|choice|move hypnosis|switch 2
|
|switch|p2a: Chansey|Chansey, F|357\/703
|-damage|p2a: Chansey|270\/703|[from] Stealth Rock
|move|p1a: Ninetales|Hypnosis|p2a: Chansey|[miss]
|-miss|p1a: Ninetales|p2a: Chansey
|
|-weather|Hail|[upkeep]
|-damage|p2a: Chansey|227\/703|[from] hail
|upkeep
|turn|29
|choice|move hypnosis|move softboiled
|
|move|p1a: Ninetales|Hypnosis|p2a: Chansey
|-status|p2a: Chansey|slp
|cant|p2a: Chansey|slp
|
|-weather|Hail|[upkeep]
|-damage|p2a: Chansey|184\/703 slp|[from] hail
|upkeep
|turn|30
|j|LT41A Cora
|choice|switch 5|move softboiled
|
|switch|p1a: Landorus|Landorus-Therian, M|132\/320
|-damage|p1a: Landorus|92\/320|[from] Stealth Rock
|-ability|p1a: Landorus|Intimidate|boost
|-unboost|p2a: Chansey|atk|1
|cant|p2a: Chansey|slp
|
|-weather|Hail|[upkeep]
|-damage|p1a: Landorus|72\/320|[from] hail
|-damage|p2a: Chansey|141\/703 slp|[from] hail
|upkeep
|turn|31
|j|halite
|j|gratify
|j|bhjjk
|l|blarghlfarghl~~
|l|Wyn
|choice|move earthquake|move softboiled
|
|move|p1a: Landorus|Earthquake|p2a: Chansey
|-damage|p2a: Chansey|0 fnt
|faint|p2a: Chansey
|
|-weather|Hail|[upkeep]
|-damage|p1a: Landorus|52\/320|[from] hail
|upkeep
|choice||switch 5
|
|switch|p2a: Clefable|Clefable, F, shiny|394\/394
|-damage|p2a: Clefable|345\/394|[from] Stealth Rock
|turn|32
|choice|move knockoff|move wish
|
|move|p1a: Landorus|Knock Off|p2a: Clefable
|-resisted|p2a: Clefable
|-damage|p2a: Clefable|294\/394
|-enditem|p2a: Clefable|Leftovers|[from] move: Knock Off|[of] p1a: Landorus
|move|p2a: Clefable|Wish|p2a: Clefable
|
|-weather|none
|upkeep
|turn|33
|j|dockiva
|j|blarghlfarghl~~
|j|mickeyb2
|l|mickeyb2
|inactive|LT41M Za Meowdo has 90 seconds left.
|choice|switch 5|move moonblast
|
|switch|p1a: Ninetales|Ninetales-Alola, F|63\/350
|-damage|p1a: Ninetales|0 fnt|[from] Stealth Rock
|faint|p1a: Ninetales
|move|p2a: Clefable|Moonblast|p1: Ninetales|[notarget]
|-notarget
|
|-heal|p2a: Clefable|394\/394|[from] move: Wish|[wisher] Clefable
|upkeep
|choice|switch 4|
|
|switch|p1a: Mawile|Mawile, M|262\/262
|-damage|p1a: Mawile|246\/262|[from] Stealth Rock
|-ability|p1a: Mawile|Intimidate|boost
|-unboost|p2a: Clefable|atk|1
|turn|34
|choice|move thunderpunch mega|switch 2
|
|switch|p2a: Sableye|Sableye, M|53\/303
|-damage|p2a: Sableye|16\/303|[from] Stealth Rock
|detailschange|p1a: Mawile|Mawile-Mega, M
|-mega|p1a: Mawile|Mawile|Mawilite
|move|p1a: Mawile|Thunder Punch|p2a: Sableye
|-damage|p2a: Sableye|0 fnt
|faint|p2a: Sableye
|
|upkeep
|choice||switch 4
|
|switch|p2a: Dugtrio|Dugtrio, F|211\/211
|-damage|p2a: Dugtrio|198\/211|[from] Stealth Rock
|turn|35
|choice|move playrough|move substitute
|
|move|p2a: Dugtrio|Substitute|p2a: Dugtrio
|-start|p2a: Dugtrio|Substitute
|-damage|p2a: Dugtrio|146\/211
|move|p1a: Mawile|Play Rough|p2a: Dugtrio
|-end|p2a: Dugtrio|Substitute
|
|upkeep
|turn|36
|j|weedandshoulders
|choice|move playrough|move substitute
|
|move|p2a: Dugtrio|Substitute|p2a: Dugtrio
|-start|p2a: Dugtrio|Substitute
|-damage|p2a: Dugtrio|94\/211
|move|p1a: Mawile|Play Rough|p2a: Dugtrio
|-end|p2a: Dugtrio|Substitute
|
|upkeep
|turn|37
|j|LT41X patlop2307
|j|Fidget Spinners
|choice|move suckerpunch|move earthquake zmove
|
|move|p1a: Mawile|Sucker Punch|p2a: Dugtrio
|-damage|p2a: Dugtrio|0 fnt
|faint|p2a: Dugtrio
|
|upkeep
|j|SweetPosho
|c|☆lt41c sorry|GG
|-message|LT41M Za Meowdo forfeited.
|
|win|lt41c sorry
|l|LT41M Za Meowdo
|raw|lt41c sorry's rating: 2134 &rarr; <strong>2151<\/strong><br \/>(+17 for winning)
|raw|LT41M Za Meowdo's rating: 2076 &rarr; <strong>2060<\/strong><br \/>(-16 for losing)
|l|lt41c sorry
|l|go sorry
|l|FrozenCold
|l|dockiva
|l|LT41A suapah
|l|n00b
|l|True( ´_ゝ')drew
|l|4gb
|l|Scyther NO Swiping
|l|Vore Gidal
|l|LT41A AYEVON
|l|daddyneedshisjuice
|l|Void
|l|SAMQIAN
|l|Jet
|l|GxK
|l|Genesis7
|l|LT41A Hayburner
|l|blarghlfarghl~~
|l|tsmugs
|l|PlayEdenEternalwMe
|j|Rooster Ruler
|l|Fidget Spinners
|l|Rooster Ruler
|l|WECAMEASROMANS
|l|backfromtheparty
|l|SweetPosho
|l|halite
|l|LT41X patlop2307
|j|Albert Enstein ♥
|l|kas$h fam chop
|l|Albert Enstein ♥
|j|Lednah
|l|Lednah
|j|Jet
|l|LT41X BK
|l|Jet
|j|Albert Enstein ♥
|l|Albert Enstein ♥
|l|lt41b paycard
|j|SAMQIAN
|l|kraken danger
|l|gratify
|j|True( ´_ゝ')drew
|l|True( ´_ゝ')drew
|l|LT41B Shoka
|l|Borrower
|j|tigers jaw
|l|tigers jaw
|j|Jet
|l|Jet
|l|SAMQIAN
|l|FMG *_*
|j|BoomBoomBoo
|l|BoomBoomBoo
|l|ez!
|l|justiciable
|l|bhjjk
|l|s0p
|l|OhioIsMyGodChurch
|l|GOATDON
|j|SAMQIAN
|l|SAMQIAN
|j|toon linked
|l|hi ye
|l|toon linked
|j|LT41A Kdot
|l|LT41A Kdot
|l|LT41Y YAKO
|j|uunvzhuang
|j|DAVIDpwns
|l|No Pretzel
|l|uunvzhuang
|j|qgw
|l|DAVIDpwns
|l|weedandshoulders
|l|LT41A Eko
|j|ABR
|l|qgw
|j|h iye
|l|ABR
|l|h iye
|j|wally the bully
|j|Mega Flexagross
|l|Mega Flexagross
|j|DAVIDpwns
|l|DAVIDpwns
|l|wally the bully
|l|LT41A Cora
|l|jefff winger
|j|GxK
|l|GxK
|j|LT41O Floppy
|l|LT41O Floppy
|j|blarghlfarghl~~
|l|blarghlfarghl~~
|j|LT41A Fruition
|l|LT41A Fruition
|j|bibo swagsss</script>
</div>
<div class="battle-log battle-log-inline"><div class="inner"><div class="battle-options"></div><div class="inner"><div class="chat"><small>lt41c sorry joined.</small></div><div class="chat"><small>LT41M Za Meowdo joined.</small></div><div class=""><small>Format:</small> <br><strong>[Gen 7] OU</strong></div><div class="rated"><strong>Rated battle</strong></div><div class=""><small><em>Sleep Clause Mod:</em> Limit one foe put to sleep</small></div><div class=""><small><em>Species Clause:</em> Limit one of each Pokémon</small></div><div class=""><small><em>OHKO Clause:</em> OHKO moves are banned</small></div><div class=""><small><em>Moody Clause:</em> Moody is banned</small></div><div class=""><small><em>Evasion Moves Clause:</em> Evasion moves are banned</small></div><div class=""><small><em>Endless Battle Clause:</em> Forcing endless battles is banned</small></div><div class=""><small><em>HP Percentage Mod:</em> HP is shown in percentages</small></div><div class="chat battle-history"><strong>lt41c sorry's team:</strong> <em style="color:#445566;display:block;">Ninetales-Alola / Magearna / Zygarde / Mawile / Manaphy / Landorus-Therian</em></div><div class="chat battle-history"><strong>LT41M Za Meowdo's team:</strong> <em style="color:#445566;display:block;">Sableye / Toxapex / Dugtrio / Chansey / Skarmory / Clefable</em></div><div class="chat"><small>LT41A Hayburner joined.</small></div><div class="chat message-error">Battle timer is ON: inactive players will automatically lose when time's up. (requested by lt41c sorry)</div><div class="chat"><small>Borrower joined.</small></div><div class="chat"><small>LT41A suapah joined.</small></div><div class="chat"><small>tsmugs joined.</small></div><div class="chat"><small>LT41A AYEVON joined.</small></div><div class="chat chatmessage-lt41csorry"><strong style="color:hsl(63,64%,37.05225753780159%);"><small>☆</small><span class="username" data-name="lt41c sorry">lt41c sorry</span>:</strong> <em>gl hf</em></div><div class="chat chatmessage-lt41ahayburner"><strong style="color:hsl(66,83%,30.564872297737395%);"><small> </small><span class="username" data-name="LT41A Hayburner">LT41A Hayburner</span>:</strong> <em>You had to get another game didn't u....</em></div><div class="chat chatmessage-lt41csorry"><strong style="color:hsl(63,64%,37.05225753780159%);"><small>☆</small><span class="username" data-name="lt41c sorry">lt41c sorry</span>:</strong> <em>horse.</em></div><div class="chat chatmessage-lt41csorry"><strong style="color:hsl(63,64%,37.05225753780159%);"><small>☆</small><span class="username" data-name="lt41c sorry">lt41c sorry</span>:</strong> <em>dude</em></div><div class="chat"><small>backfromtheparty joined.</small></div><div class="chat chatmessage-lt41csorry"><strong style="color:hsl(63,64%,37.05225753780159%);"><small>☆</small><span class="username" data-name="lt41c sorry">lt41c sorry</span>:</strong> <em>if i do</em></div><div class="chat chatmessage-lt41csorry"><strong style="color:hsl(63,64%,37.05225753780159%);"><small>☆</small><span class="username" data-name="lt41c sorry">lt41c sorry</span>:</strong> <em>im 1</em></div><div class="chat chatmessage-lt41csorry"><strong style="color:hsl(63,64%,37.05225753780159%);"><small>☆</small><span class="username" data-name="lt41c sorry">lt41c sorry</span>:</strong> <em>on the ladder</em></div><div class="chat chatmessage-lt41csorry"><strong style="color:hsl(63,64%,37.05225753780159%);"><small>☆</small><span class="username" data-name="lt41c sorry">lt41c sorry</span>:</strong> <em>its worht it</em></div><div class="chat"><small>LT41A Kdot joined.</small></div><div class="chat chatmessage-lt41ahayburner"><strong style="color:hsl(66,83%,30.564872297737395%);"><small> </small><span class="username" data-name="LT41A Hayburner">LT41A Hayburner</span>:</strong> <em>Ssssssiiiiiiiiiggggghhhhh</em></div><div class="chat message-error">LT41M Za Meowdo has 120 seconds left.</div><div class="chat"><small>GOATDON joined.</small></div><div class="chat chatmessage-lt41akdot"><strong style="color:hsl(256,73%,59.52483441972675%);"><small> </small><span class="username" data-name="LT41A Kdot">LT41A Kdot</span>:</strong> <em>Free points</em></div><div class="chat chatmessage-lt41akdot"><strong style="color:hsl(256,73%,59.52483441972675%);"><small> </small><span class="username" data-name="LT41A Kdot">LT41A Kdot</span>:</strong> <em>lets get it</em></div><div class="chat chatmessage-lt41ahayburner"><strong style="color:hsl(66,83%,30.564872297737395%);"><small> </small><span class="username" data-name="LT41A Hayburner">LT41A Hayburner</span>:</strong> <em>This is actually free points tho</em></div><div class="chat chatmessage-lt41ahayburner"><strong style="color:hsl(66,83%,30.564872297737395%);"><small> </small><span class="username" data-name="LT41A Hayburner">LT41A Hayburner</span>:</strong> <em>xd</em></div><div class="chat message-error">LT41M Za Meowdo has 90 seconds left.</div><div class="chat"><small>LT41X BK joined.</small></div><div class="chat chatmessage-lt41ahayburner"><strong style="color:hsl(66,83%,30.564872297737395%);"><small> </small><span class="username" data-name="LT41A Hayburner">LT41A Hayburner</span>:</strong> <em>Man's loaded up SPL stall vs veil</em></div><div class="chat"><small>LT41B Paycard joined.</small></div><div class="chat"><small>Wyn joined.</small></div><div class="spacer battle-history"><br></div><div class="battle-history">Battle started between lt41c sorry and LT41M Za Meowdo!<br></div><div class="spacer battle-history"><br></div><div class="battle-history">Go! <strong>Manaphy</strong>!<br></div><div class="spacer battle-history"><br></div><div class="battle-history">LT41M Za Meowdo sent out <strong>Dugtrio</strong>!<br></div><div class="spacer battle-history"><br></div><h2 class="battle-history">Turn 1</h2><div class="chat"><small>ez! joined.</small></div><div class="chat"><small>FrozenCold joined.</small></div><div class="chat"><small>justiciable joined.</small></div><div class="chat"><small>asgdgsdag joined.</small></div><div class="chat"><small>FMG *_* joined.</small></div><div class="chat"><small>daddyneedshisjuice joined.</small></div><div class="chat"><small>hi ye joined.</small></div><div class="chat chatmessage-asgdgsdag"><strong style="color:hsl(48,88%,35.68024020401559%);"><small> </small><span class="username" data-name="asgdgsdag">asgdgsdag</span>:</strong> <em>bro after this game</em></div><div class="chat"><small>blarghlfarghl~~ joined.</small></div><div class="chat chatmessage-asgdgsdag"><strong style="color:hsl(48,88%,35.68024020401559%);"><small> </small><span class="username" data-name="asgdgsdag">asgdgsdag</span>:</strong> <em>take a break</em></div><div class="chat"><small>n00b joined.</small></div><div class="chat"><small>WECAMEASROMANS joined.</small></div><div class="chat chatmessage-fmg"><strong style="color:hsl(128,40%,38%);"><small> </small><span class="username" data-name="FMG *_*">FMG *_*</span>:</strong> <em>GO SORRY</em></div><div class="chat"><small>s0p joined.</small></div><div class="chat"><small>True( ´_ゝ')drew joined.</small></div><div class="chat"><small>Jet joined.</small></div><div class="chat message-error">lt41c sorry has 120 seconds left.</div><div class="spacer battle-history"><br></div><div class="battle-history">LT41M Za Meowdo withdrew Dugtrio!<br></div><div class="battle-history">LT41M Za Meowdo sent out <strong>Chansey</strong>!<br></div><div class="spacer battle-history"><br></div><div class="battle-history">Manaphy used <strong>Surf</strong>!<br></div><div class="battle-history"><small>(The opposing Chansey lost <abbr title="−87/703">12.4%</abbr> of its health!)</small><br></div><div class="spacer battle-history"><br></div><h2 class="battle-history">Turn 2</h2><div class="chat chatmessage-blarghlfarghl"><strong style="color:hsl(171,42%,47.789537406935466%);"><small> </small><span class="username" data-name="blarghlfarghl~~">blarghlfarghl~~</span>:</strong> <em>kek</em></div><div class="chat chatmessage-truedrew"><strong style="color:hsl(306,88%,41%);"><small> </small><span class="username" data-name="True( ´_ゝ')drew">True( ´_ゝ')drew</span>:</strong> <em>he aint sorry</em></div><div class="chat"><small>tigers jaw joined.</small></div><div class="chat chatmessage-truedrew"><strong style="color:hsl(306,88%,41%);"><small> </small><span class="username" data-name="True( ´_ゝ')drew">True( ´_ゝ')drew</span>:</strong> <em>reppin wg</em></div><div class="chat"><small>Void joined.</small></div><div class="chat"><small>LT41A Eko joined.</small></div><div class="spacer battle-history"><br></div><div class="battle-history">Manaphy, come back!<br></div><div class="battle-history">Go! Ninetales (<strong>Ninetales-Alola</strong>)!<br></div><div class="battle-history"><small>[Ninetales's Snow Warning]</small><br><small>It started to hail!</small><br></div><div class="spacer battle-history"><br></div><div class="battle-history">The opposing Chansey used <strong>Seismic Toss</strong>!<br></div><div class="battle-history"><small>(Ninetales lost <abbr title="−100/350">28.6%</abbr> of its health!)</small><br></div><div class="spacer battle-history"><br></div><div class="battle-history"><small>The hail is crashing down.</small><br></div><div class="battle-history"><small>The opposing Chansey is buffeted by the hail!</small><br></div><div class="spacer battle-history"><br></div><h2 class="battle-history">Turn 3</h2><div class="chat chatmessage-daddyneedshisjuice"><strong style="color:hsl(209,52%,48%);"><small> </small><span class="username" data-name="daddyneedshisjuice">daddyneedshisjuice</span>:</strong> <em>is it to late to say sorry</em></div><div class="chat chatmessage-lt41aeko"><strong style="color:hsl(26,64%,43%);"><small> </small><span class="username" data-name="LT41A Eko">LT41A Eko</span>:</strong> <em>sorry</em></div><div class="chat chatmessage-lt41aeko"><strong style="color:hsl(26,64%,43%);"><small> </small><span class="username" data-name="LT41A Eko">LT41A Eko</span>:</strong> <em>why</em></div><div class="spacer battle-history"><br></div><div class="battle-history">Ninetales used <strong>Hypnosis</strong>!<br></div><div class="battle-history"><small>The opposing Chansey avoided the attack!</small><br></div><div class="spacer battle-history"><br></div><div class="battle-history">The opposing Chansey used <strong>Stealth Rock</strong>!<br></div><div class="battle-history"><small>Pointed stones float in the air around your team!</small><br></div><div class="spacer battle-history"><br></div><div class="battle-history"><small>The hail is crashing down.</small><br></div><div class="battle-history"><small>The opposing Chansey is buffeted by the hail!</small><br></div><div class="spacer battle-history"><br></div><h2 class="battle-history">Turn 4</h2><div class="chat"><small>Jet left.</small></div><div class="chat chatmessage-lt41aeko"><strong style="color:hsl(26,64%,43%);"><small> </small><span class="username" data-name="LT41A Eko">LT41A Eko</span>:</strong> <em>did u load</em></div><div class="chat chatmessage-blarghlfarghl"><strong style="color:hsl(171,42%,47.789537406935466%);"><small> </small><span class="username" data-name="blarghlfarghl~~">blarghlfarghl~~</span>:</strong> <em>?_?</em></div><div class="chat"><small>No Pretzel joined.</small></div><div class="spacer battle-history"><br></div><div class="battle-history">Ninetales used <strong>Aurora Veil</strong>!<br></div><div class="battle-history"><small>Aurora Veil made your team stronger against physical and special moves!</small><br></div><div class="spacer battle-history"><br></div><div class="battle-history">The opposing Chansey used <strong>Seismic Toss</strong>!<br></div><div class="battle-history"><small>(Ninetales lost <abbr title="−100/350">28.6%</abbr> of its health!)</small><br></div><div class="spacer battle-history"><br></div><div class="battle-history"><small>The hail is crashing down.</small><br></div><div class="battle-history"><small>The opposing Chansey is buffeted by the hail!</small><br></div><div class="spacer battle-history"><br></div><h2 class="battle-history">Turn 5</h2><div class="chat chatmessage-lt41aeko"><strong style="color:hsl(26,64%,43%);"><small> </small><span class="username" data-name="LT41A Eko">LT41A Eko</span>:</strong> <em>an another game</em></div><div class="spacer battle-history"><br></div><div class="battle-history">Ninetales used <strong>Hypnosis</strong>!<br></div><div class="battle-history"><small>The opposing Chansey fell asleep!</small><br></div><div class="spacer battle-history"><br></div><div class="battle-history">The opposing Chansey is fast asleep.<br></div><div class="spacer battle-history"><br></div><div class="battle-history"><small>The hail is crashing down.</small><br></div><div class="battle-history"><small>The opposing Chansey is buffeted by the hail!</small><br></div><div class="spacer battle-history"><br></div><h2 class="battle-history">Turn 6</h2><div class="chat chatmessage-lt41aeko"><strong style="color:hsl(26,64%,43%);"><small> </small><span class="username" data-name="LT41A Eko">LT41A Eko</span>:</strong> <em>broo</em></div><div class="chat chatmessage-n00b"><strong style="color:hsl(90,46%,33.632104221517004%);"><small> </small><span class="username" data-name="n00b">n00b</span>:</strong> <em>nice hit</em></div><div class="spacer battle-history"><br></div><div class="battle-history">Ninetales, come back!<br></div><div class="battle-history">Go! Landorus (<strong>Landorus-Therian</strong>)!<br></div><div class="battle-history"><small>Pointed stones dug into Landorus!</small><br></div><div class="battle-history"><small>[Landorus's Intimidate]</small><br></div><div class="battle-history"><small>The opposing Chansey's Attack fell!</small><br></div><div class="spacer battle-history"><br></div><div class="battle-history">The opposing Chansey is fast asleep.<br></div><div class="spacer battle-history"><br></div><div class="battle-history"><small>The hail stopped.</small><br></div><div class="spacer battle-history"><br></div><h2 class="battle-history">Turn 7</h2><div class="chat chatmessage-asgdgsdag"><strong style="color:hsl(48,88%,35.68024020401559%);"><small> </small><span class="username" data-name="asgdgsdag">asgdgsdag</span>:</strong> <em>this matchups a free win too lmao</em></div><div class="spacer battle-history"><br></div><div class="battle-history"><small>(The opposing Chansey is cured by its Natural Cure!)</small><br></div><div class="battle-history">LT41M Za Meowdo withdrew Chansey!<br></div><div class="battle-history">LT41M Za Meowdo sent out <strong>Skarmory</strong>!<br></div><div class="spacer battle-history"><br></div><div class="battle-history">Landorus used <strong>Stealth Rock</strong>!<br></div><div class="battle-history"><small>Pointed stones float in the air around the opposing team!</small><br></div><div class="spacer battle-history"><br></div><h2 class="battle-history">Turn 8</h2><div class="chat"><small>lt41 flcl joined.</small></div><div class="spacer battle-history"><br></div><div class="battle-history">Landorus, come back!<br></div><div class="battle-history">Go! <strong>Manaphy</strong>!<br></div><div class="battle-history"><small>Pointed stones dug into Manaphy!</small><br></div><div class="spacer battle-history"><br></div><div class="battle-history">The opposing Skarmory used <strong>Toxic</strong>!<br></div><div class="battle-history"><small>Manaphy was badly poisoned!</small><br></div><div class="spacer battle-history"><br></div><div class="battle-history"><small>Manaphy was hurt by poison!</small><br></div><div class="spacer battle-history"><br></div><h2 class="battle-history">Turn 9</h2><div class="chat"><small>kas$h fam chop joined.</small></div><div class="chat"><small>lt41 flcl left.</small></div><div class="spacer battle-history"><br></div><div class="battle-history">LT41M Za Meowdo withdrew Skarmory!<br></div><div class="battle-history">LT41M Za Meowdo sent out <strong>Chansey</strong>!<br></div><div class="battle-history"><small>Pointed stones dug into the opposing Chansey!</small><br></div><div class="spacer battle-history"><br></div><div class="battle-history">Manaphy used <strong>Rain Dance</strong>!<br></div><div class="battle-history"><small>It started to rain!</small><br></div><div class="spacer battle-history"><br></div><div class="battle-history"><small>(Rain continues to fall!)</small><br></div><div class="battle-history"><small>[Manaphy's Hydration]</small><br></div><div class="battle-history"><small>Manaphy was cured of its poisoning.</small><br></div><div class="spacer battle-history"><br></div><h2 class="battle-history">Turn 10</h2><div class="spacer battle-history"><br></div><div class="battle-history">LT41M Za Meowdo withdrew Chansey!<br></div><div class="battle-history">LT41M Za Meowdo sent out <strong>Toxapex</strong>!<br></div><div class="battle-history"><small>Pointed stones dug into the opposing Toxapex!</small><br></div><div class="spacer battle-history"><br></div><div class="battle-history">Manaphy used <strong>Tail Glow</strong>!<br></div><div class="battle-history"><small>Manaphy's Special Attack rose drastically!</small><br></div><div class="spacer battle-history"><br></div><div class="battle-history"><small>(Rain continues to fall!)</small><br></div><div class="spacer battle-history"><br></div><h2 class="battle-history">Turn 11</h2><div class="chat"><small>Genesis7 joined.</small></div><div class="chat chatmessage-fmg"><strong style="color:hsl(128,40%,38%);"><small> </small><span class="username" data-name="FMG *_*">FMG *_*</span>:</strong> <em>nice play</em></div><div class="chat chatmessage-goatdon"><strong style="color:hsl(182,76%,41.56288033777333%);"><small> </small><span class="username" data-name="GOATDON">GOATDON</span>:</strong> <em>xd</em></div><div class="chat chatmessage-lt41ahayburner"><strong style="color:hsl(66,83%,30.564872297737395%);"><small> </small><span class="username" data-name="LT41A Hayburner">LT41A Hayburner</span>:</strong> <em>XD</em></div><div class="chat chatmessage-blarghlfarghl"><strong style="color:hsl(171,42%,47.789537406935466%);"><small> </small><span class="username" data-name="blarghlfarghl~~">blarghlfarghl~~</span>:</strong> <em>aw</em></div><div class="chat chatmessage-fmg"><strong style="color:hsl(128,40%,38%);"><small> </small><span class="username" data-name="FMG *_*">FMG *_*</span>:</strong> <em>XD</em></div><div class="chat chatmessage-lt41aeko"><strong style="color:hsl(26,64%,43%);"><small> </small><span class="username" data-name="LT41A Eko">LT41A Eko</span>:</strong> <em>how</em></div><div class="chat chatmessage-lt41ahayburner"><strong style="color:hsl(66,83%,30.564872297737395%);"><small> </small><span class="username" data-name="LT41A Hayburner">LT41A Hayburner</span>:</strong> <em>Fmg ur a nice play :3</em></div><div class="chat chatmessage-blarghlfarghl"><strong style="color:hsl(171,42%,47.789537406935466%);"><small> </small><span class="username" data-name="blarghlfarghl~~">blarghlfarghl~~</span>:</strong> <em>he wants his good friend sorry to have it</em></div><div class="chat chatmessage-blarghlfarghl"><strong style="color:hsl(171,42%,47.789537406935466%);"><small> </small><span class="username" data-name="blarghlfarghl~~">blarghlfarghl~~</span>:</strong> <em>cute</em></div><div class="chat chatmessage-lt41akdot"><strong style="color:hsl(256,73%,59.52483441972675%);"><small> </small><span class="username" data-name="LT41A Kdot">LT41A Kdot</span>:</strong> <em>Counters on deck</em></div><div class="chat chatmessage-fmg"><strong style="color:hsl(128,40%,38%);"><small> </small><span class="username" data-name="FMG *_*">FMG *_*</span>:</strong> <em>thx hayburner</em></div><div class="chat chatmessage-fmg"><strong style="color:hsl(128,40%,38%);"><small> </small><span class="username" data-name="FMG *_*">FMG *_*</span>:</strong> <em>u2</em></div><div class="chat message-error">LT41M Za Meowdo has 120 seconds left.</div><div class="chat chatmessage-kashfamchop"><strong style="color:hsl(251,79%,58.741509719170494%);"><small> </small><span class="username" data-name="kas$h fam chop">kas$h fam chop</span>:</strong> <em>fagg</em></div><div class="chat chatmessage-lt41aeko"><strong style="color:hsl(26,64%,43%);"><small> </small><span class="username" data-name="LT41A Eko">LT41A Eko</span>:</strong> <em>lmao</em></div><div class="chat"><small>Vore Gidal joined.</small></div><div class="chat chatmessage-lt41csorry"><strong style="color:hsl(63,64%,37.05225753780159%);"><small>☆</small><span class="username" data-name="lt41c sorry">lt41c sorry</span>:</strong> <em>252 Atk Dugtrio Tectonic Rage (180 BP) vs. 4 HP / 0 Def Manaphy: 246-289 (71.9 - 84.5%) -- guaranteed 2HKO after Stealth Rock</em></div><div class="chat chatmessage-lt41csorry"><strong style="color:hsl(63,64%,37.05225753780159%);"><small>☆</small><span class="username" data-name="lt41c sorry">lt41c sorry</span>:</strong> <em>uh oh</em></div><div class="chat chatmessage-fmg"><strong style="color:hsl(128,40%,38%);"><small> </small><span class="username" data-name="FMG *_*">FMG *_*</span>:</strong> <em>uh oh</em></div><div class="chat message-error">LT41M Za Meowdo has 90 seconds left.</div><div class="chat"><small>NJNP➏神 joined.</small></div><div class="chat chatmessage-lt41ahayburner"><strong style="color:hsl(66,83%,30.564872297737395%);"><small> </small><span class="username" data-name="LT41A Hayburner">LT41A Hayburner</span>:</strong> <em>You already know he's critting too</em></div><div class="chat chatmessage-kashfamchop"><strong style="color:hsl(251,79%,58.741509719170494%);"><small> </small><span class="username" data-name="kas$h fam chop">kas$h fam chop</span>:</strong> <em>bluff god?</em></div><div class="chat chatmessage-lt41ahayburner"><strong style="color:hsl(66,83%,30.564872297737395%);"><small> </small><span class="username" data-name="LT41A Hayburner">LT41A Hayburner</span>:</strong> <em>XD</em></div><div class="chat chatmessage-lt41csorry"><strong style="color:hsl(63,64%,37.05225753780159%);"><small>☆</small><span class="username" data-name="lt41c sorry">lt41c sorry</span>:</strong> <em>i mean this is my last game</em></div><div class="chat chatmessage-lt41csorry"><strong style="color:hsl(63,64%,37.05225753780159%);"><small>☆</small><span class="username" data-name="lt41c sorry">lt41c sorry</span>:</strong> <em>if i wn</em></div><div class="chat chatmessage-lt41csorry"><strong style="color:hsl(63,64%,37.05225753780159%);"><small>☆</small><span class="username" data-name="lt41c sorry">lt41c sorry</span>:</strong> <em>n_n</em></div><div class="chat chatmessage-fmg"><strong style="color:hsl(128,40%,38%);"><small> </small><span class="username" data-name="FMG *_*">FMG *_*</span>:</strong> <em>c:</em></div><div class="chat chatmessage-kashfamchop"><strong style="color:hsl(251,79%,58.741509719170494%);"><small> </small><span class="username" data-name="kas$h fam chop">kas$h fam chop</span>:</strong> <em>bro</em></div><div class="chat chatmessage-kashfamchop"><strong style="color:hsl(251,79%,58.741509719170494%);"><small> </small><span class="username" data-name="kas$h fam chop">kas$h fam chop</span>:</strong> <em>aggro timer</em></div><div class="chat chatmessage-kashfamchop"><strong style="color:hsl(251,79%,58.741509719170494%);"><small> </small><span class="username" data-name="kas$h fam chop">kas$h fam chop</span>:</strong> <em>hit that shit</em></div><div class="chat message-error">LT41M Za Meowdo has 60 seconds left.</div><div class="chat chatmessage-lt41csorry"><strong style="color:hsl(63,64%,37.05225753780159%);"><small>☆</small><span class="username" data-name="lt41c sorry">lt41c sorry</span>:</strong> <em>timer is on</em></div><div class="chat chatmessage-lt41csorry"><strong style="color:hsl(63,64%,37.05225753780159%);"><small>☆</small><span class="username" data-name="lt41c sorry">lt41c sorry</span>:</strong> <em>lol.</em></div><div class="chat"><small>tsmugs left.</small></div><div class="chat chatmessage-lt41ahayburner"><strong style="color:hsl(66,83%,30.564872297737395%);"><small> </small><span class="username" data-name="LT41A Hayburner">LT41A Hayburner</span>:</strong> <em>Camilass</em></div><div class="chat"><small>Jet joined.</small></div><div class="chat"><small>LT41X patlop2307 joined.</small></div><div class="chat chatmessage-kashfamchop"><strong style="color:hsl(251,79%,58.741509719170494%);"><small> </small><span class="username" data-name="kas$h fam chop">kas$h fam chop</span>:</strong> <em>-bluff god</em></div><div class="chat chatmessage-blarghlfarghl"><strong style="color:hsl(171,42%,47.789537406935466%);"><small> </small><span class="username" data-name="blarghlfarghl~~">blarghlfarghl~~</span>:</strong> <em>z is bad</em></div><div class="chat chatmessage-lt41csorry"><strong style="color:hsl(63,64%,37.05225753780159%);"><small>☆</small><span class="username" data-name="lt41c sorry">lt41c sorry</span>:</strong> <em>meowdo</em></div><div class="chat chatmessage-lt41csorry"><strong style="color:hsl(63,64%,37.05225753780159%);"><small>☆</small><span class="username" data-name="lt41c sorry">lt41c sorry</span>:</strong> <em>ar u really stalling</em></div><div class="chat chatmessage-lt41csorry"><strong style="color:hsl(63,64%,37.05225753780159%);"><small>☆</small><span class="username" data-name="lt41c sorry">lt41c sorry</span>:</strong> <em>so i dont qualify</em></div><div class="chat chatmessage-blarghlfarghl"><strong style="color:hsl(171,42%,47.789537406935466%);"><small> </small><span class="username" data-name="blarghlfarghl~~">blarghlfarghl~~</span>:</strong> <em>OML</em></div><div class="chat chatmessage-blarghlfarghl"><strong style="color:hsl(171,42%,47.789537406935466%);"><small> </small><span class="username" data-name="blarghlfarghl~~">blarghlfarghl~~</span>:</strong> <em>its camilas</em></div><div class="chat message-error">LT41M Za Meowdo has 40 seconds left.</div><div class="chat chatmessage-lt41csorry"><strong style="color:hsl(63,64%,37.05225753780159%);"><small>☆</small><span class="username" data-name="lt41c sorry">lt41c sorry</span>:</strong> <em>clikc ur move</em></div><div class="chat chatmessage-lt41ahayburner"><strong style="color:hsl(66,83%,30.564872297737395%);"><small> </small><span class="username" data-name="LT41A Hayburner">LT41A Hayburner</span>:</strong> <em>Just take that timer win</em></div><div class="chat chatmessage-lt41csorry"><strong style="color:hsl(63,64%,37.05225753780159%);"><small>☆</small><span class="username" data-name="lt41c sorry">lt41c sorry</span>:</strong> <em>lmao</em></div><div class="chat"><small>LT41A Kdot left.</small></div><div class="chat chatmessage-truedrew"><strong style="color:hsl(306,88%,41%);"><small> </small><span class="username" data-name="True( ´_ゝ')drew">True( ´_ゝ')drew</span>:</strong> <em>oml</em></div><div class="chat chatmessage-lt41csorry"><strong style="color:hsl(63,64%,37.05225753780159%);"><small>☆</small><span class="username" data-name="lt41c sorry">lt41c sorry</span>:</strong> <em>no ik what hes doing</em></div><div class="chat chatmessage-kashfamchop"><strong style="color:hsl(251,79%,58.741509719170494%);"><small> </small><span class="username" data-name="kas$h fam chop">kas$h fam chop</span>:</strong> <em>bro y would u hl</em></div><div class="chat chatmessage-blarghlfarghl"><strong style="color:hsl(171,42%,47.789537406935466%);"><small> </small><span class="username" data-name="blarghlfarghl~~">blarghlfarghl~~</span>:</strong> <em>u qual at this elo already</em></div><div class="chat chatmessage-lt41csorry"><strong style="color:hsl(63,64%,37.05225753780159%);"><small>☆</small><span class="username" data-name="lt41c sorry">lt41c sorry</span>:</strong> <em>niggas did this</em></div><div class="chat chatmessage-blarghlfarghl"><strong style="color:hsl(171,42%,47.789537406935466%);"><small> </small><span class="username" data-name="blarghlfarghl~~">blarghlfarghl~~</span>:</strong> <em>idiot</em></div><div class="chat chatmessage-lt41csorry"><strong style="color:hsl(63,64%,37.05225753780159%);"><small>☆</small><span class="username" data-name="lt41c sorry">lt41c sorry</span>:</strong> <em>last cycle</em></div><div class="chat chatmessage-kashfamchop"><strong style="color:hsl(251,79%,58.741509719170494%);"><small> </small><span class="username" data-name="kas$h fam chop">kas$h fam chop</span>:</strong> <em>what if hes afk</em></div><div class="chat"><small>tsmugs joined.</small></div><div class="chat chatmessage-kashfamchop"><strong style="color:hsl(251,79%,58.741509719170494%);"><small> </small><span class="username" data-name="kas$h fam chop">kas$h fam chop</span>:</strong> <em>lmfao</em></div><div class="chat message-error">LT41M Za Meowdo has 30 seconds left.</div><div class="chat chatmessage-kashfamchop"><strong style="color:hsl(251,79%,58.741509719170494%);"><small> </small><span class="username" data-name="kas$h fam chop">kas$h fam chop</span>:</strong> <em>lowe him</em></div><div class="chat chatmessage-asgdgsdag"><strong style="color:hsl(48,88%,35.68024020401559%);"><small> </small><span class="username" data-name="asgdgsdag">asgdgsdag</span>:</strong> <em>hes gonna go with 10 seconds left</em></div><div class="chat chatmessage-asgdgsdag"><strong style="color:hsl(48,88%,35.68024020401559%);"><small> </small><span class="username" data-name="asgdgsdag">asgdgsdag</span>:</strong> <em>every turn</em></div><div class="chat"><small>jefff winger joined.</small></div><div class="chat chatmessage-kashfamchop"><strong style="color:hsl(251,79%,58.741509719170494%);"><small> </small><span class="username" data-name="kas$h fam chop">kas$h fam chop</span>:</strong> <em>get ur ddosers</em></div><div class="chat message-error">LT41M Za Meowdo has 20 seconds left.</div><div class="chat chatmessage-asgdgsdag"><strong style="color:hsl(48,88%,35.68024020401559%);"><small> </small><span class="username" data-name="asgdgsdag">asgdgsdag</span>:</strong> <em>zzz</em></div><div class="chat chatmessage-fmg"><strong style="color:hsl(128,40%,38%);"><small> </small><span class="username" data-name="FMG *_*">FMG *_*</span>:</strong> <em>sorry remember this</em></div><div class="chat chatmessage-fmg"><strong style="color:hsl(128,40%,38%);"><small> </small><span class="username" data-name="FMG *_*">FMG *_*</span>:</strong> <em>[00:42:43] LT41M Za Meowdo: what does veil do againt stall</em></div><div class="chat chatmessage-blarghlfarghl"><strong style="color:hsl(171,42%,47.789537406935466%);"><small> </small><span class="username" data-name="blarghlfarghl~~">blarghlfarghl~~</span>:</strong> <em>zzzz</em></div><div class="chat chatmessage-fmg"><strong style="color:hsl(128,40%,38%);"><small> </small><span class="username" data-name="FMG *_*">FMG *_*</span>:</strong> <em>[00:42:45] LT41M Za Meowdo: x?</em></div><div class="chat chatmessage-lt41xpatlop2307"><strong style="color:hsl(164,74%,30%);"><small> </small><span class="username" data-name="LT41X patlop2307">LT41X patlop2307</span>:</strong> <em>This is gold</em></div><div class="chat chatmessage-lt41csorry"><strong style="color:hsl(63,64%,37.05225753780159%);"><small>☆</small><span class="username" data-name="lt41c sorry">lt41c sorry</span>:</strong> <em>PLEASE</em></div><div class="chat chatmessage-lt41csorry"><strong style="color:hsl(63,64%,37.05225753780159%);"><small>☆</small><span class="username" data-name="lt41c sorry">lt41c sorry</span>:</strong> <em>PLEASE</em></div><div class="chat chatmessage-lt41csorry"><strong style="color:hsl(63,64%,37.05225753780159%);"><small>☆</small><span class="username" data-name="lt41c sorry">lt41c sorry</span>:</strong> <em>PLEASE</em></div><div class="chat chatmessage-asgdgsdag"><strong style="color:hsl(48,88%,35.68024020401559%);"><small> </small><span class="username" data-name="asgdgsdag">asgdgsdag</span>:</strong> <em>bro everyone</em></div><div class="chat chatmessage-lt41xpatlop2307"><strong style="color:hsl(164,74%,30%);"><small> </small><span class="username" data-name="LT41X patlop2307">LT41X patlop2307</span>:</strong> <em>Olololololol</em></div><div class="chat chatmessage-lt41csorry"><strong style="color:hsl(63,64%,37.05225753780159%);"><small>☆</small><span class="username" data-name="lt41c sorry">lt41c sorry</span>:</strong> <em>PLEASE</em></div><div class="chat chatmessage-asgdgsdag"><strong style="color:hsl(48,88%,35.68024020401559%);"><small> </small><span class="username" data-name="asgdgsdag">asgdgsdag</span>:</strong> <em>joi</em></div><div class="chat chatmessage-lt41ahayburner"><strong style="color:hsl(66,83%,30.564872297737395%);"><small> </small><span class="username" data-name="LT41A Hayburner">LT41A Hayburner</span>:</strong> <em>LIL</em></div><div class="chat chatmessage-lt41csorry"><strong style="color:hsl(63,64%,37.05225753780159%);"><small>☆</small><span class="username" data-name="lt41c sorry">lt41c sorry</span>:</strong> <em>TIME OUT</em></div><div class="chat chatmessage-blarghlfarghl"><strong style="color:hsl(171,42%,47.789537406935466%);"><small> </small><span class="username" data-name="blarghlfarghl~~">blarghlfarghl~~</span>:</strong> <em>goodbye</em></div><div class="chat chatmessage-lt41csorry"><strong style="color:hsl(63,64%,37.05225753780159%);"><small>☆</small><span class="username" data-name="lt41c sorry">lt41c sorry</span>:</strong> <em>TIME OUT</em></div><div class="chat chatmessage-kashfamchop"><strong style="color:hsl(251,79%,58.741509719170494%);"><small> </small><span class="username" data-name="kas$h fam chop">kas$h fam chop</span>:</strong> <em>ddos</em></div><div class="chat message-error">LT41M Za Meowdo has 10 seconds left.</div><div class="chat chatmessage-asgdgsdag"><strong style="color:hsl(48,88%,35.68024020401559%);"><small> </small><span class="username" data-name="asgdgsdag">asgdgsdag</span>:</strong> <em>.lmfao</em></div><div class="chat chatmessage-lt41ahayburner"><strong style="color:hsl(66,83%,30.564872297737395%);"><small> </small><span class="username" data-name="LT41A Hayburner">LT41A Hayburner</span>:</strong> <em>LOL</em></div><div class="chat chatmessage-void"><strong style="color:hsl(63,86%,31.049664210238536%);"><small> </small><span class="username" data-name="Void">Void</span>:</strong> <em>it doesnt accomplish anything tho</em></div><div class="chat chatmessage-fmg"><strong style="color:hsl(128,40%,38%);"><small> </small><span class="username" data-name="FMG *_*">FMG *_*</span>:</strong> <em>[00:42:43] LT41M Za Meowdo: what does veil do againt stall</em></div><div class="chat chatmessage-asgdgsdag"><strong style="color:hsl(48,88%,35.68024020401559%);"><small> </small><span class="username" data-name="asgdgsdag">asgdgsdag</span>:</strong> <em>time out</em></div><div class="chat chatmessage-lt41csorry"><strong style="color:hsl(63,64%,37.05225753780159%);"><small>☆</small><span class="username" data-name="lt41c sorry">lt41c sorry</span>:</strong> <em>TIME OUT</em></div><div class="chat chatmessage-blarghlfarghl"><strong style="color:hsl(171,42%,47.789537406935466%);"><small> </small><span class="username" data-name="blarghlfarghl~~">blarghlfarghl~~</span>:</strong> <em>sayonara</em></div><div class="chat chatmessage-fmg"><strong style="color:hsl(128,40%,38%);"><small> </small><span class="username" data-name="FMG *_*">FMG *_*</span>:</strong> <em>[00:42:45] LT41M Za Meowdo: x?</em></div><div class="chat chatmessage-lt41csorry"><strong style="color:hsl(63,64%,37.05225753780159%);"><small>☆</small><span class="username" data-name="lt41c sorry">lt41c sorry</span>:</strong> <em>DDOS</em></div><div class="chat chatmessage-asgdgsdag"><strong style="color:hsl(48,88%,35.68024020401559%);"><small> </small><span class="username" data-name="asgdgsdag">asgdgsdag</span>:</strong> <em>LOOOOOL</em></div><div class="chat chatmessage-lt41csorry"><strong style="color:hsl(63,64%,37.05225753780159%);"><small>☆</small><span class="username" data-name="lt41c sorry">lt41c sorry</span>:</strong> <em>TIMT</em></div><div class="chat chatmessage-lt41csorry"><strong style="color:hsl(63,64%,37.05225753780159%);"><small>☆</small><span class="username" data-name="lt41c sorry">lt41c sorry</span>:</strong> <em>DDOS</em></div><div class="chat chatmessage-lt41csorry"><strong style="color:hsl(63,64%,37.05225753780159%);"><small>☆</small><span class="username" data-name="lt41c sorry">lt41c sorry</span>:</strong> <em>TIME</em></div><div class="chat chatmessage-lt41csorry"><strong style="color:hsl(63,64%,37.05225753780159%);"><small>☆</small><span class="username" data-name="lt41c sorry">lt41c sorry</span>:</strong> <em>DDOS</em></div><div class="chat chatmessage-n00b"><strong style="color:hsl(90,46%,33.632104221517004%);"><small> </small><span class="username" data-name="n00b">n00b</span>:</strong> <em>LMFAOOOOOOOOOOOOOOOOO</em></div><div class="chat chatmessage-blarghlfarghl"><strong style="color:hsl(171,42%,47.789537406935466%);"><small> </small><span class="username" data-name="blarghlfarghl~~">blarghlfarghl~~</span>:</strong> <em>GG.</em></div><div class="chat chatmessage-lt41csorry"><strong style="color:hsl(63,64%,37.05225753780159%);"><small>☆</small><span class="username" data-name="lt41c sorry">lt41c sorry</span>:</strong> <em>TIME</em></div><div class="spacer battle-history"><br></div><div class="battle-history">LT41M Za Meowdo withdrew Toxapex!<br></div><div class="battle-history">LT41M Za Meowdo sent out <strong>Sableye</strong>!<br></div><div class="battle-history"><small>Pointed stones dug into the opposing Sableye!</small><br></div><div class="spacer battle-history"><br></div><div class="battle-history">Manaphy used <strong>Psychic</strong>!<br></div><div class="battle-history"><small>It doesn't affect the opposing Sableye...</small><br></div><div class="spacer battle-history"><br></div><div class="battle-history"><small>(Rain continues to fall!)</small><br></div><div class="battle-history"><small>Your team's Aurora Veil wore off!</small><br></div><div class="spacer battle-history"><br></div><h2 class="battle-history">Turn 12</h2><div class="chat chatmessage-lt41xpatlop2307"><strong style="color:hsl(164,74%,30%);"><small> </small><span class="username" data-name="LT41X patlop2307">LT41X patlop2307</span>:</strong> <em>LOOOOOOOOOL</em></div><div class="chat chatmessage-lt41csorry"><strong style="color:hsl(63,64%,37.05225753780159%);"><small>☆</small><span class="username" data-name="lt41c sorry">lt41c sorry</span>:</strong> <em>DDOS</em></div><div class="chat chatmessage-void"><strong style="color:hsl(63,86%,31.049664210238536%);"><small> </small><span class="username" data-name="Void">Void</span>:</strong> <em>the sorry guy is top 8 and he isnt</em></div><div class="chat chatmessage-blarghlfarghl"><strong style="color:hsl(171,42%,47.789537406935466%);"><small> </small><span class="username" data-name="blarghlfarghl~~">blarghlfarghl~~</span>:</strong> <em>OMG</em></div><div class="chat chatmessage-asgdgsdag"><strong style="color:hsl(48,88%,35.68024020401559%);"><small> </small><span class="username" data-name="asgdgsdag">asgdgsdag</span>:</strong> <em>fuck</em></div><div class="chat chatmessage-kashfamchop"><strong style="color:hsl(251,79%,58.741509719170494%);"><small> </small><span class="username" data-name="kas$h fam chop">kas$h fam chop</span>:</strong> <em>,</em></div><div class="chat chatmessage-blarghlfarghl"><strong style="color:hsl(171,42%,47.789537406935466%);"><small> </small><span class="username" data-name="blarghlfarghl~~">blarghlfarghl~~</span>:</strong> <em>LMGAO</em></div><div class="chat chatmessage-lt41xpatlop2307"><strong style="color:hsl(164,74%,30%);"><small> </small><span class="username" data-name="LT41X patlop2307">LT41X patlop2307</span>:</strong> <em>RIP</em></div><div class="chat chatmessage-lt41mzameowdo"><strong style="color:hsl(9,64%,46.1589657620308%);"><small>☆</small><span class="username" data-name="LT41M Za Meowdo">LT41M Za Meowdo</span>:</strong> <em>?</em></div><div class="chat chatmessage-fmg"><strong style="color:hsl(128,40%,38%);"><small> </small><span class="username" data-name="FMG *_*">FMG *_*</span>:</strong> <em>LMAO</em></div><div class="chat chatmessage-lt41csorry"><strong style="color:hsl(63,64%,37.05225753780159%);"><small>☆</small><span class="username" data-name="lt41c sorry">lt41c sorry</span>:</strong> <em>UEAJ</em></div><div class="chat chatmessage-kashfamchop"><strong style="color:hsl(251,79%,58.741509719170494%);"><small> </small><span class="username" data-name="kas$h fam chop">kas$h fam chop</span>:</strong> <em>LOLO</em></div><div class="chat chatmessage-n00b"><strong style="color:hsl(90,46%,33.632104221517004%);"><small> </small><span class="username" data-name="n00b">n00b</span>:</strong> <em>TIMERSTALL</em></div><div class="chat chatmessage-wecameasromans"><strong style="color:hsl(318,73%,46.38720059858617%);"><small> </small><span class="username" data-name="WECAMEASROMANS">WECAMEASROMANS</span>:</strong> <em>LOL</em></div><div class="chat chatmessage-blarghlfarghl"><strong style="color:hsl(171,42%,47.789537406935466%);"><small> </small><span class="username" data-name="blarghlfarghl~~">blarghlfarghl~~</span>:</strong> <em>THE TSTAL</em></div><div class="chat chatmessage-wecameasromans"><strong style="color:hsl(318,73%,46.38720059858617%);"><small> </small><span class="username" data-name="WECAMEASROMANS">WECAMEASROMANS</span>:</strong> <em>OWNED</em></div><div class="chat chatmessage-lt41aayevon"><strong style="color:hsl(115,81%,36.35861524816863%);"><small> </small><span class="username" data-name="LT41A AYEVON">LT41A AYEVON</span>:</strong> <em>LOL</em></div><div class="chat chatmessage-kashfamchop"><strong style="color:hsl(251,79%,58.741509719170494%);"><small> </small><span class="username" data-name="kas$h fam chop">kas$h fam chop</span>:</strong> <em>niggas ass</em></div><div class="chat chatmessage-blarghlfarghl"><strong style="color:hsl(171,42%,47.789537406935466%);"><small> </small><span class="username" data-name="blarghlfarghl~~">blarghlfarghl~~</span>:</strong> <em>KING</em></div><div class="chat chatmessage-lt41csorry"><strong style="color:hsl(63,64%,37.05225753780159%);"><small>☆</small><span class="username" data-name="lt41c sorry">lt41c sorry</span>:</strong> <em>if u time stall</em></div><div class="chat chatmessage-fmg"><strong style="color:hsl(128,40%,38%);"><small> </small><span class="username" data-name="FMG *_*">FMG *_*</span>:</strong> <em>STALLED</em></div><div class="chat chatmessage-lt41csorry"><strong style="color:hsl(63,64%,37.05225753780159%);"><small>☆</small><span class="username" data-name="lt41c sorry">lt41c sorry</span>:</strong> <em>me again</em></div><div class="chat chatmessage-blarghlfarghl"><strong style="color:hsl(171,42%,47.789537406935466%);"><small> </small><span class="username" data-name="blarghlfarghl~~">blarghlfarghl~~</span>:</strong> <em>ITS HIM!</em></div><div class="chat message-error">LT41M Za Meowdo has 90 seconds left.</div><div class="chat chatmessage-lt41aayevon"><strong style="color:hsl(115,81%,36.35861524816863%);"><small> </small><span class="username" data-name="LT41A AYEVON">LT41A AYEVON</span>:</strong> <em>KING MEWDO</em></div><div class="chat chatmessage-lt41csorry"><strong style="color:hsl(63,64%,37.05225753780159%);"><small>☆</small><span class="username" data-name="lt41c sorry">lt41c sorry</span>:</strong> <em>im callig a mod</em></div><div class="chat chatmessage-lt41aeko"><strong style="color:hsl(26,64%,43%);"><small> </small><span class="username" data-name="LT41A Eko">LT41A Eko</span>:</strong> <em>loool</em></div><div class="chat chatmessage-daddyneedshisjuice"><strong style="color:hsl(209,52%,48%);"><small> </small><span class="username" data-name="daddyneedshisjuice">daddyneedshisjuice</span>:</strong> <em>LOL</em></div><div class="chat chatmessage-goatdon"><strong style="color:hsl(182,76%,41.56288033777333%);"><small> </small><span class="username" data-name="GOATDON">GOATDON</span>:</strong> <em>lol</em></div><div class="chat chatmessage-lt41csorry"><strong style="color:hsl(63,64%,37.05225753780159%);"><small>☆</small><span class="username" data-name="lt41c sorry">lt41c sorry</span>:</strong> <em>i dont have all day</em></div><div class="chat chatmessage-lt41csorry"><strong style="color:hsl(63,64%,37.05225753780159%);"><small>☆</small><span class="username" data-name="lt41c sorry">lt41c sorry</span>:</strong> <em>to sit here</em></div><div class="chat"><small>PlayEdenEternalwMe joined.</small></div><div class="chat chatmessage-lt41ahayburner"><strong style="color:hsl(66,83%,30.564872297737395%);"><small> </small><span class="username" data-name="LT41A Hayburner">LT41A Hayburner</span>:</strong> <em>LMAO</em></div><div class="chat chatmessage-blarghlfarghl"><strong style="color:hsl(171,42%,47.789537406935466%);"><small> </small><span class="username" data-name="blarghlfarghl~~">blarghlfarghl~~</span>:</strong> <em>LMAO</em></div><div class="chat"><small>SAMQIAN joined.</small></div><div class="chat chatmessage-goatdon"><strong style="color:hsl(182,76%,41.56288033777333%);"><small> </small><span class="username" data-name="GOATDON">GOATDON</span>:</strong> <em>loooool</em></div><div class="chat chatmessage-lt41csorry"><strong style="color:hsl(63,64%,37.05225753780159%);"><small>☆</small><span class="username" data-name="lt41c sorry">lt41c sorry</span>:</strong> <em>bcuz ur petty</em></div><div class="chat chatmessage-blarghlfarghl"><strong style="color:hsl(171,42%,47.789537406935466%);"><small> </small><span class="username" data-name="blarghlfarghl~~">blarghlfarghl~~</span>:</strong> <em>HE DIDNT ADMIT IT</em></div><div class="chat chatmessage-lt41csorry"><strong style="color:hsl(63,64%,37.05225753780159%);"><small>☆</small><span class="username" data-name="lt41c sorry">lt41c sorry</span>:</strong> <em>as fuck</em></div><div class="chat chatmessage-blarghlfarghl"><strong style="color:hsl(171,42%,47.789537406935466%);"><small> </small><span class="username" data-name="blarghlfarghl~~">blarghlfarghl~~</span>:</strong> <em>IT MEANS NOTHING</em></div><div class="chat chatmessage-n00b"><strong style="color:hsl(90,46%,33.632104221517004%);"><small> </small><span class="username" data-name="n00b">n00b</span>:</strong> <em>TILTED</em></div><div class="chat chatmessage-n00b"><strong style="color:hsl(90,46%,33.632104221517004%);"><small> </small><span class="username" data-name="n00b">n00b</span>:</strong> <em>AF</em></div><div class="chat chatmessage-asgdgsdag"><strong style="color:hsl(48,88%,35.68024020401559%);"><small> </small><span class="username" data-name="asgdgsdag">asgdgsdag</span>:</strong> <em>bro call a mod if he timestalls this turn</em></div><div class="chat chatmessage-hiye"><strong style="color:hsl(343,50%,49.24778807713091%);"><small> </small><span class="username" data-name="hi ye">hi ye</span>:</strong> <em>hi n00b</em></div><div class="chat"><small>yrs joined.</small></div><div class="chat chatmessage-n00b"><strong style="color:hsl(90,46%,33.632104221517004%);"><small> </small><span class="username" data-name="n00b">n00b</span>:</strong> <em>hi hiye</em></div><div class="chat"><small>asgdgsdag left.</small></div><div class="chat message-error">LT41M Za Meowdo has 60 seconds left.</div><div class="chat chatmessage-wecameasromans"><strong style="color:hsl(318,73%,46.38720059858617%);"><small> </small><span class="username" data-name="WECAMEASROMANS">WECAMEASROMANS</span>:</strong> <em>hes not timestalling hes just thinking really hard!!</em></div><div class="chat chatmessage-wecameasromans"><strong style="color:hsl(318,73%,46.38720059858617%);"><small> </small><span class="username" data-name="WECAMEASROMANS">WECAMEASROMANS</span>:</strong> <em>its a tough play!</em></div><div class="chat"><small>go sorry joined.</small></div><div class="chat"><small>LT41A suapah left.</small></div><div class="chat"><small>LT41A suapah joined.</small></div><div class="spacer battle-history"><br></div><div class="battle-history">The opposing Sableye used <strong>Protect</strong>!<br></div><div class="battle-history"><small>The opposing Sableye protected itself!</small><br></div><div class="spacer battle-history"><br></div><div class="battle-history">Manaphy used <strong>Surf</strong>!<br></div><div class="battle-history"><small>The opposing Sableye protected itself!</small><br></div><div class="spacer battle-history"><br></div><div class="battle-history"><small>(Rain continues to fall!)</small><br></div><div class="spacer battle-history"><br></div><h2 class="battle-history">Turn 13</h2><div class="chat chatmessage-goatdon"><strong style="color:hsl(182,76%,41.56288033777333%);"><small> </small><span class="username" data-name="GOATDON">GOATDON</span>:</strong> <em>whys he even playin this game is over</em></div><div class="chat chatmessage-lt41ahayburner"><strong style="color:hsl(66,83%,30.564872297737395%);"><small> </small><span class="username" data-name="LT41A Hayburner">LT41A Hayburner</span>:</strong> <em>Damn wcar you're right he needed that whole 2 minutes</em></div><div class="chat chatmessage-kashfamchop"><strong style="color:hsl(251,79%,58.741509719170494%);"><small> </small><span class="username" data-name="kas$h fam chop">kas$h fam chop</span>:</strong> <em>your ghosters are ass</em></div><div class="chat chatmessage-kashfamchop"><strong style="color:hsl(251,79%,58.741509719170494%);"><small> </small><span class="username" data-name="kas$h fam chop">kas$h fam chop</span>:</strong> <em>lmfao</em></div><div class="chat"><small>LT41X patlop2307 left.</small></div><div class="spacer battle-history"><br></div><div class="battle-history">LT41M Za Meowdo withdrew Sableye!<br></div><div class="battle-history">LT41M Za Meowdo sent out <strong>Toxapex</strong>!<br></div><div class="battle-history"><small>Pointed stones dug into the opposing Toxapex!</small><br></div><div class="spacer battle-history"><br></div><div class="battle-history">Manaphy used <strong>Surf</strong>!<br></div><div class="battle-history"><small>It's not very effective...</small><br></div><div class="battle-history"><small>(The opposing Toxapex lost <abbr title="−190/304">62.5%</abbr> of its health!)</small><br></div><div class="battle-history"><small>The opposing Toxapex is switched out with the Eject Button!</small><br></div><div class="chat chatmessage-truedrew"><strong style="color:hsl(306,88%,41%);"><small> </small><span class="username" data-name="True( ´_ゝ')drew">True( ´_ゝ')drew</span>:</strong> <em>its everyday bro</em></div><div class="chat chatmessage-gosorry"><strong style="color:hsl(2,85%,39%);"><small> </small><span class="username" data-name="go sorry">go sorry</span>:</strong> <em>who doesnt g again</em></div><div class="chat chatmessage-gosorry"><strong style="color:hsl(2,85%,39%);"><small> </small><span class="username" data-name="go sorry">go sorry</span>:</strong> <em>garbage</em></div><div class="spacer battle-history"><br></div><div class="battle-history">LT41M Za Meowdo withdrew Toxapex!<br></div><div class="battle-history">LT41M Za Meowdo sent out <strong>Clefable</strong>!<br></div><div class="battle-history"><small>Pointed stones dug into the opposing Clefable!</small><br></div><div class="spacer battle-history"><br></div><div class="battle-history"><small>The rain stopped.</small><br></div><div class="battle-history"><small>The opposing Clefable restored a little HP using its Leftovers!</small><br></div><div class="spacer battle-history"><br></div><h2 class="battle-history">Turn 14</h2><div class="chat chatmessage-lt41mzameowdo"><strong style="color:hsl(9,64%,46.1589657620308%);"><small>☆</small><span class="username" data-name="LT41M Za Meowdo">LT41M Za Meowdo</span>:</strong> <em>over</em></div><div class="chat"><small>LT41Y YAKO joined.</small></div><div class="chat chatmessage-lt41mzameowdo"><strong style="color:hsl(9,64%,46.1589657620308%);"><small>☆</small><span class="username" data-name="LT41M Za Meowdo">LT41M Za Meowdo</span>:</strong> <em>they said</em></div><div class="chat chatmessage-lt41mzameowdo"><strong style="color:hsl(9,64%,46.1589657620308%);"><small>☆</small><span class="username" data-name="LT41M Za Meowdo">LT41M Za Meowdo</span>:</strong> <em>:D</em></div><div class="chat"><small>SAMQIAN left.</small></div><div class="chat chatmessage-donttimestallmeow"><strong style="color:hsl(51,46%,44.928320958155%);"><small> </small><span class="username" data-name="donttimestallMeow">donttimestallMeow</span>:</strong> <em>&gt;</em></div><div class="chat"><div class="broadcast-red"><strong>Moderated chat was set to +!</strong><br>Only users of rank + and higher can talk.</div></div><div class="chat chatmessage-lt41csorry"><strong style="color:hsl(63,64%,37.05225753780159%);"><small>☆</small><span class="username" data-name="lt41c sorry">lt41c sorry</span>:</strong> <em>za meowdo</em></div><div class="chat"><small>SAMQIAN joined.</small></div><div class="chat message-error">LT41M Za Meowdo has 60 seconds left.</div><div class="spacer battle-history"><br></div><div class="battle-history">Manaphy used <strong>Rain Dance</strong>!<br></div><div class="battle-history"><small>It started to rain!</small><br></div><div class="spacer battle-history"><br></div><div class="battle-history">The opposing Clefable used <strong>Moonblast</strong>!<br></div><div class="battle-history"><small>(Manaphy lost <abbr title="−112/341">32.8%</abbr> of its health!)</small><br></div><div class="spacer battle-history"><br></div><div class="battle-history"><small>(Rain continues to fall!)</small><br></div><div class="battle-history"><small>The opposing Clefable restored a little HP using its Leftovers!</small><br></div><div class="spacer battle-history"><br></div><h2 class="battle-history">Turn 15</h2><div class="chat chatmessage-lt41csorry"><strong style="color:hsl(63,64%,37.05225753780159%);"><small>☆</small><span class="username" data-name="lt41c sorry">lt41c sorry</span>:</strong> <em>click ur move</em></div><div class="spacer battle-history"><br></div><div class="battle-history">The opposing Clefable used <strong>Protect</strong>!<br></div><div class="battle-history"><small>The opposing Clefable protected itself!</small><br></div><div class="battle-history"><small>Manaphy surrounded itself with its Z-Power!</small><br></div><div class="spacer battle-history"><br></div><div class="battle-history">Manaphy used <strong>Hydro Vortex</strong>!<br></div><div class="battle-history"><small>Clefable couldn't fully protect itself and got hurt! (placeholder)</small><br></div><div class="battle-history"><small>(The opposing Clefable lost <abbr title="−113/394">28.7%</abbr> of its health!)</small><br></div><div class="spacer battle-history"><br></div><div class="battle-history"><small>(Rain continues to fall!)</small><br></div><div class="battle-history"><small>The opposing Clefable restored a little HP using its Leftovers!</small><br></div><div class="spacer battle-history"><br></div><h2 class="battle-history">Turn 16</h2><div class="chat"><small>Scyther NO Swiping joined.</small></div><div class="spacer battle-history"><br></div><div class="battle-history">Manaphy used <strong>Surf</strong>!<br></div><div class="battle-history"><small>(The opposing Clefable lost <abbr title="−220/394">55.8%</abbr> of its health!)</small><br></div><div class="spacer battle-history"><br></div><div class="battle-history">The opposing Clefable used <strong>Wish</strong>!<br></div><div class="spacer battle-history"><br></div><div class="battle-history"><small>(Rain continues to fall!)</small><br></div><div class="battle-history"><small>The opposing Clefable restored a little HP using its Leftovers!</small><br></div><div class="spacer battle-history"><br></div><h2 class="battle-history">Turn 17</h2><div class="spacer battle-history"><br></div><div class="battle-history">Manaphy, come back!<br></div><div class="battle-history">Go! Landorus (<strong>Landorus-Therian</strong>)!<br></div><div class="battle-history"><small>Pointed stones dug into Landorus!</small><br></div><div class="battle-history"><small>[Landorus's Intimidate]</small><br></div><div class="battle-history"><small>The opposing Clefable's Attack fell!</small><br></div><div class="spacer battle-history"><br></div><div class="battle-history">The opposing Clefable used <strong>Protect</strong>!<br></div><div class="battle-history"><small>But it failed!</small><br></div><div class="spacer battle-history"><br></div><div class="battle-history"><small>(Rain continues to fall!)</small><br></div><div class="battle-history"><small>Clefable's wish came true!</small><br></div><div class="battle-history"><small>The opposing Clefable restored a little HP using its Leftovers!</small><br></div><div class="spacer battle-history"><br></div><h2 class="battle-history">Turn 18</h2><div class="chat"><small>The Emp's Revenge joined.</small></div><div class="chat chatmessage-lt41mzameowdo"><strong style="color:hsl(9,64%,46.1589657620308%);"><small>☆</small><span class="username" data-name="LT41M Za Meowdo">LT41M Za Meowdo</span>:</strong> <em>sick</em></div><div class="chat chatmessage-lt41mzameowdo"><strong style="color:hsl(9,64%,46.1589657620308%);"><small>☆</small><span class="username" data-name="LT41M Za Meowdo">LT41M Za Meowdo</span>:</strong> <em>finisher</em></div><div class="chat message-error">LT41M Za Meowdo has 60 seconds left.</div><div class="spacer battle-history"><br></div><div class="battle-history">The opposing Clefable used <strong>Protect</strong>!<br></div><div class="battle-history"><small>The opposing Clefable protected itself!</small><br></div><div class="spacer battle-history"><br></div><div class="battle-history">Landorus used <strong>Earthquake</strong>!<br></div><div class="battle-history"><small>The opposing Clefable protected itself!</small><br></div><div class="spacer battle-history"><br></div><div class="battle-history"><small>The rain stopped.</small><br></div><div class="battle-history"><small>The opposing Clefable restored a little HP using its Leftovers!</small><br></div><div class="spacer battle-history"><br></div><h2 class="battle-history">Turn 19</h2><div class="spacer battle-history"><br></div><div class="battle-history">Landorus used <strong>Earthquake</strong>!<br></div><div class="battle-history"><small>(The opposing Clefable lost <abbr title="−186/394">47.2%</abbr> of its health!)</small><br></div><div class="spacer battle-history"><br></div><div class="battle-history">The opposing Clefable used <strong>Wish</strong>!<br></div><div class="spacer battle-history"><br></div><div class="battle-history"><small>The opposing Clefable restored a little HP using its Leftovers!</small><br></div><div class="spacer battle-history"><br></div><h2 class="battle-history">Turn 20</h2><div class="spacer battle-history"><br></div><div class="battle-history">The opposing Clefable used <strong>Protect</strong>!<br></div><div class="battle-history"><small>The opposing Clefable protected itself!</small><br></div><div class="spacer battle-history"><br></div><div class="battle-history">Landorus used <strong>Earthquake</strong>!<br></div><div class="battle-history"><small>The opposing Clefable protected itself!</small><br></div><div class="spacer battle-history"><br></div><div class="battle-history"><small>Clefable's wish came true!</small><br></div><div class="battle-history"><small>The opposing Clefable restored a little HP using its Leftovers!</small><br></div><div class="spacer battle-history"><br></div><h2 class="battle-history">Turn 21</h2><div class="spacer battle-history"><br></div><div class="battle-history">LT41M Za Meowdo withdrew Clefable!<br></div><div class="battle-history">LT41M Za Meowdo sent out <strong>Skarmory</strong>!<br></div><div class="battle-history"><small>Pointed stones dug into the opposing Skarmory!</small><br></div><div class="spacer battle-history"><br></div><div class="battle-history">Landorus used <strong>Knock Off</strong>!<br></div><div class="battle-history"><small>(The opposing Skarmory lost <abbr title="−72/334">21.6%</abbr> of its health!)</small><br></div><div class="battle-history"><small>Landorus knocked off the opposing Skarmory's Shed Shell!</small><br></div><div class="spacer battle-history"><br></div><h2 class="battle-history">Turn 22</h2><div class="spacer battle-history"><br></div><div class="battle-history">Landorus used <strong>Smack Down</strong>!<br></div><div class="battle-history"><small>(The opposing Skarmory lost <abbr title="−38/334">11.4%</abbr> of its health!)</small><br></div><div class="battle-history"><small>The opposing Skarmory fell straight down!</small><br></div><div class="spacer battle-history"><br></div><div class="battle-history">The opposing Skarmory used <strong>Roost</strong>!<br></div><div class="battle-history"><small>The opposing Skarmory restored its HP.</small><br></div><div class="spacer battle-history"><br></div><h2 class="battle-history">Turn 23</h2><div class="spacer battle-history"><br></div><div class="battle-history">Landorus used <strong>Knock Off</strong>!<br></div><div class="battle-history"><small>(The opposing Skarmory lost <abbr title="−54/334">16.2%</abbr> of its health!)</small><br></div><div class="spacer battle-history"><br></div><div class="battle-history">The opposing Skarmory used <strong>Counter</strong>!<br></div><div class="battle-history"><small>(Landorus lost <abbr title="−108/320">33.8%</abbr> of its health!)</small><br></div><div class="spacer battle-history"><br></div><h2 class="battle-history">Turn 24</h2><div class="chat"><small>GxK joined.</small></div><div class="chat"><small>Albert Enstein ♥ joined.</small></div><div class="chat message-error">LT41M Za Meowdo has 90 seconds left.</div><div class="chat"><small>Albert Enstein ♥ left.</small></div><div class="chat"><small>kraken danger joined.</small></div><div class="chat message-error">LT41M Za Meowdo has 60 seconds left.</div><div class="chat message-error">LT41M Za Meowdo has 40 seconds left.</div><div class="chat chatmessage-lt41csorry"><strong style="color:hsl(63,64%,37.05225753780159%);"><small>☆</small><span class="username" data-name="lt41c sorry">lt41c sorry</span>:</strong> <em>hes really</em></div><div class="chat message-error">LT41M Za Meowdo has 30 seconds left.</div><div class="chat chatmessage-lt41csorry"><strong style="color:hsl(63,64%,37.05225753780159%);"><small>☆</small><span class="username" data-name="lt41c sorry">lt41c sorry</span>:</strong> <em>timer stalling</em></div><div class="chat chatmessage-lt41csorry"><strong style="color:hsl(63,64%,37.05225753780159%);"><small>☆</small><span class="username" data-name="lt41c sorry">lt41c sorry</span>:</strong> <em>this is kinda sad</em></div><div class="chat message-error">LT41M Za Meowdo has 20 seconds left.</div><div class="chat message-error">LT41M Za Meowdo has 10 seconds left.</div><div class="spacer battle-history"><br></div><div class="battle-history">Landorus used <strong>Earthquake</strong>!<br></div><div class="battle-history"><small>It's super effective!</small><br></div><div class="battle-history"><small>(The opposing Skarmory lost <abbr title="−280/334">83.8%</abbr> of its health!)</small><br></div><div class="spacer battle-history"><br></div><div class="battle-history">The opposing Skarmory fainted!<br></div><div class="chat chatmessage-lt41mzameowdo"><strong style="color:hsl(9,64%,46.1589657620308%);"><small>☆</small><span class="username" data-name="LT41M Za Meowdo">LT41M Za Meowdo</span>:</strong> <em>im just playing 2</em></div><div class="chat message-error">LT41M Za Meowdo has 10 seconds left.</div><div class="spacer battle-history"><br></div><div class="battle-history">LT41M Za Meowdo sent out <strong>Sableye</strong>!<br></div><div class="battle-history"><small>Pointed stones dug into the opposing Sableye!</small><br></div><div class="spacer battle-history"><br></div><h2 class="battle-history">Turn 25</h2><div class="spacer battle-history"><br></div><div class="battle-history">Landorus, come back!<br></div><div class="battle-history">Go! <strong>Manaphy</strong>!<br></div><div class="battle-history"><small>Pointed stones dug into Manaphy!</small><br></div><div class="spacer battle-history"><br></div><div class="battle-history">The opposing Sableye used <strong>Will-O-Wisp</strong>!<br></div><div class="battle-history"><small>Manaphy was burned!</small><br></div><div class="spacer battle-history"><br></div><div class="battle-history"><small>Manaphy was hurt by its burn!</small><br></div><div class="spacer battle-history"><br></div><h2 class="battle-history">Turn 26</h2><div class="chat"><small>tigers jaw left.</small></div><div class="chat"><small>4gb joined.</small></div><div class="spacer battle-history"><br></div><div class="battle-history">Manaphy used <strong>Surf</strong>!<br></div><div class="battle-history"><small>(The opposing Sableye lost <abbr title="−165/303">54.5%</abbr> of its health!)</small><br></div><div class="spacer battle-history"><br></div><div class="battle-history">The opposing Sableye used <strong>Knock Off</strong>!<br></div><div class="battle-history"><small>(Manaphy lost <abbr title="−63/341">18.5%</abbr> of its health!)</small><br></div><div class="spacer battle-history"><br></div><div class="battle-history"><small>Manaphy was hurt by its burn!</small><br></div><div class="spacer battle-history"><br></div><h2 class="battle-history">Turn 27</h2><div class="spacer battle-history"><br></div><div class="battle-history">The opposing Sableye used <strong>Recover</strong>!<br></div><div class="battle-history"><small>The opposing Sableye restored its HP.</small><br></div><div class="spacer battle-history"><br></div><div class="battle-history">Manaphy used <strong>Surf</strong>!<br></div><div class="battle-history"><small>(The opposing Sableye lost <abbr title="−163/303">53.8%</abbr> of its health!)</small><br></div><div class="spacer battle-history"><br></div><div class="battle-history"><small>Manaphy was hurt by its burn!</small><br></div><div class="spacer battle-history"><br></div><div class="battle-history">Manaphy fainted!<br></div><div class="spacer battle-history"><br></div><div class="battle-history">Go! Ninetales (<strong>Ninetales-Alola</strong>)!<br></div><div class="battle-history"><small>Pointed stones dug into Ninetales!</small><br></div><div class="battle-history"><small>[Ninetales's Snow Warning]</small><br><small>It started to hail!</small><br></div><div class="spacer battle-history"><br></div><h2 class="battle-history">Turn 28</h2><div class="chat"><small>LT41B Shoka joined.</small></div><div class="spacer battle-history"><br></div><div class="battle-history">LT41M Za Meowdo withdrew Sableye!<br></div><div class="battle-history">LT41M Za Meowdo sent out <strong>Chansey</strong>!<br></div><div class="battle-history"><small>Pointed stones dug into the opposing Chansey!</small><br></div><div class="spacer battle-history"><br></div><div class="battle-history">Ninetales used <strong>Hypnosis</strong>!<br></div><div class="battle-history"><small>The opposing Chansey avoided the attack!</small><br></div><div class="spacer battle-history"><br></div><div class="battle-history"><small>The hail is crashing down.</small><br></div><div class="battle-history"><small>The opposing Chansey is buffeted by the hail!</small><br></div><div class="spacer battle-history"><br></div><h2 class="battle-history">Turn 29</h2><div class="spacer battle-history"><br></div><div class="battle-history">Ninetales used <strong>Hypnosis</strong>!<br></div><div class="battle-history"><small>The opposing Chansey fell asleep!</small><br></div><div class="spacer battle-history"><br></div><div class="battle-history">The opposing Chansey is fast asleep.<br></div><div class="spacer battle-history"><br></div><div class="battle-history"><small>The hail is crashing down.</small><br></div><div class="battle-history"><small>The opposing Chansey is buffeted by the hail!</small><br></div><div class="spacer battle-history"><br></div><h2 class="battle-history">Turn 30</h2><div class="chat"><small>LT41A Cora joined.</small></div><div class="spacer battle-history"><br></div><div class="battle-history">Ninetales, come back!<br></div><div class="battle-history">Go! Landorus (<strong>Landorus-Therian</strong>)!<br></div><div class="battle-history"><small>Pointed stones dug into Landorus!</small><br></div><div class="battle-history"><small>[Landorus's Intimidate]</small><br></div><div class="battle-history"><small>The opposing Chansey's Attack fell!</small><br></div><div class="spacer battle-history"><br></div><div class="battle-history">The opposing Chansey is fast asleep.<br></div><div class="spacer battle-history"><br></div><div class="battle-history"><small>The hail is crashing down.</small><br></div><div class="battle-history"><small>Landorus is buffeted by the hail!</small><br></div><div class="battle-history"><small>The opposing Chansey is buffeted by the hail!</small><br></div><div class="spacer battle-history"><br></div><h2 class="battle-history">Turn 31</h2><div class="chat"><small>halite joined.</small></div><div class="chat"><small>gratify joined.</small></div><div class="chat"><small>bhjjk joined.</small></div><div class="chat"><small>blarghlfarghl~~ left.</small></div><div class="chat"><small>Wyn left.</small></div><div class="spacer battle-history"><br></div><div class="battle-history">Landorus used <strong>Earthquake</strong>!<br></div><div class="battle-history"><small>(The opposing Chansey lost <abbr title="−141/703">20.1%</abbr> of its health!)</small><br></div><div class="spacer battle-history"><br></div><div class="battle-history">The opposing Chansey fainted!<br></div><div class="spacer battle-history"><br></div><div class="battle-history"><small>The hail is crashing down.</small><br></div><div class="battle-history"><small>Landorus is buffeted by the hail!</small><br></div><div class="spacer battle-history"><br></div><div class="battle-history">LT41M Za Meowdo sent out <strong>Clefable</strong>!<br></div><div class="battle-history"><small>Pointed stones dug into the opposing Clefable!</small><br></div><div class="spacer battle-history"><br></div><h2 class="battle-history">Turn 32</h2><div class="spacer battle-history"><br></div><div class="battle-history">Landorus used <strong>Knock Off</strong>!<br></div><div class="battle-history"><small>It's not very effective...</small><br></div><div class="battle-history"><small>(The opposing Clefable lost <abbr title="−51/394">12.9%</abbr> of its health!)</small><br></div><div class="battle-history"><small>Landorus knocked off the opposing Clefable's Leftovers!</small><br></div><div class="spacer battle-history"><br></div><div class="battle-history">The opposing Clefable used <strong>Wish</strong>!<br></div><div class="spacer battle-history"><br></div><div class="battle-history"><small>The hail stopped.</small><br></div><div class="spacer battle-history"><br></div><h2 class="battle-history">Turn 33</h2><div class="chat"><small>dockiva joined.</small></div><div class="chat"><small>blarghlfarghl~~ joined.</small></div><div class="chat"><small>mickeyb2 joined.</small></div><div class="chat"><small>mickeyb2 left.</small></div><div class="chat message-error">LT41M Za Meowdo has 90 seconds left.</div><div class="spacer battle-history"><br></div><div class="battle-history">Landorus, come back!<br></div><div class="battle-history">Go! Ninetales (<strong>Ninetales-Alola</strong>)!<br></div><div class="battle-history"><small>Pointed stones dug into Ninetales!</small><br></div><div class="spacer battle-history"><br></div><div class="battle-history">Ninetales fainted!<br></div><div class="battle-history">The opposing Clefable used <strong>Moonblast</strong>!<br></div><div class="battle-history"><small>But there was no target...</small><br></div><div class="spacer battle-history"><br></div><div class="battle-history"><small>Clefable's wish came true!</small><br></div><div class="spacer battle-history"><br></div><div class="battle-history">Go! <strong>Mawile</strong>!<br></div><div class="battle-history"><small>Pointed stones dug into Mawile!</small><br></div><div class="battle-history"><small>[Mawile's Intimidate]</small><br></div><div class="battle-history"><small>The opposing Clefable's Attack fell!</small><br></div><div class="spacer battle-history"><br></div><h2 class="battle-history">Turn 34</h2><div class="spacer battle-history"><br></div><div class="battle-history">LT41M Za Meowdo withdrew Clefable!<br></div><div class="battle-history">LT41M Za Meowdo sent out <strong>Sableye</strong>!<br></div><div class="battle-history"><small>Pointed stones dug into the opposing Sableye!</small><br></div><div class="spacer battle-history"><br></div><div class="battle-history"><small>Mawile's Mawilite is reacting to the Key Stone!</small><br>Mawile has Mega Evolved into Mega Mawile!<br></div><div class="spacer battle-history"><br></div><div class="battle-history">Mawile used <strong>Thunder Punch</strong>!<br></div><div class="battle-history"><small>(The opposing Sableye lost <abbr title="−16/303">5.3%</abbr> of its health!)</small><br></div><div class="spacer battle-history"><br></div><div class="battle-history">The opposing Sableye fainted!<br></div><div class="spacer battle-history"><br></div><div class="battle-history">LT41M Za Meowdo sent out <strong>Dugtrio</strong>!<br></div><div class="battle-history"><small>Pointed stones dug into the opposing Dugtrio!</small><br></div><div class="spacer battle-history"><br></div><h2 class="battle-history">Turn 35</h2><div class="spacer battle-history"><br></div><div class="battle-history">The opposing Dugtrio used <strong>Substitute</strong>!<br></div><div class="battle-history"><small>The opposing Dugtrio put in a substitute!</small><br></div><div class="battle-history"><small>(The opposing Dugtrio lost <abbr title="−52/211">24.6%</abbr> of its health!)</small><br></div><div class="spacer battle-history"><br></div><div class="battle-history">Mawile used <strong>Play Rough</strong>!<br></div><div class="battle-history"><small>The opposing Dugtrio's substitute faded!</small><br></div><div class="spacer battle-history"><br></div><h2 class="battle-history">Turn 36</h2><div class="chat"><small>weedandshoulders joined.</small></div><div class="spacer battle-history"><br></div><div class="battle-history">The opposing Dugtrio used <strong>Substitute</strong>!<br></div><div class="battle-history"><small>The opposing Dugtrio put in a substitute!</small><br></div><div class="battle-history"><small>(The opposing Dugtrio lost <abbr title="−52/211">24.6%</abbr> of its health!)</small><br></div><div class="spacer battle-history"><br></div><div class="battle-history">Mawile used <strong>Play Rough</strong>!<br></div><div class="battle-history"><small>The opposing Dugtrio's substitute faded!</small><br></div><div class="spacer battle-history"><br></div><h2 class="battle-history">Turn 37</h2><div class="chat"><small>LT41X patlop2307 joined.</small></div><div class="chat"><small>Fidget Spinners joined.</small></div><div class="spacer battle-history"><br></div><div class="battle-history">Mawile used <strong>Sucker Punch</strong>!<br></div><div class="battle-history"><small>(The opposing Dugtrio lost <abbr title="−94/211">44.5%</abbr> of its health!)</small><br></div><div class="spacer battle-history"><br></div><div class="battle-history">The opposing Dugtrio fainted!<br></div><div class="chat"><small>SweetPosho joined.</small></div><div class="chat chatmessage-lt41csorry"><strong style="color:hsl(63,64%,37.05225753780159%);"><small>☆</small><span class="username" data-name="lt41c sorry">lt41c sorry</span>:</strong> <em>GG</em></div><div class="spacer battle-history"><br></div><div class="battle-history"><small>LT41M Za Meowdo forfeited.</small><br></div><div class="spacer battle-history"><br></div><div class="battle-history"><strong>lt41c sorry</strong> won the battle!<br></div><div class="chat"><small>LT41M Za Meowdo left.</small></div><div class="chat">lt41c sorry's rating: 2134 → <strong>2151</strong><br>(+17 for winning)</div><div class="chat">LT41M Za Meowdo's rating: 2076 → <strong>2060</strong><br>(-16 for losing)</div><div class="chat"><small>lt41c sorry left.</small></div><div class="chat"><small>go sorry left.</small></div><div class="chat"><small>FrozenCold left.</small></div><div class="chat"><small>dockiva left.</small></div><div class="chat"><small>LT41A suapah left.</small></div><div class="chat"><small>n00b left.</small></div><div class="chat"><small>True( ´_ゝ')drew left.</small></div><div class="chat"><small>4gb left.</small></div><div class="chat"><small>Scyther NO Swiping left.</small></div><div class="chat"><small>Vore Gidal left.</small></div><div class="chat"><small>LT41A AYEVON left.</small></div><div class="chat"><small>daddyneedshisjuice left.</small></div><div class="chat"><small>Void left.</small></div><div class="chat"><small>SAMQIAN left.</small></div><div class="chat"><small>Jet left.</small></div><div class="chat"><small>GxK left.</small></div><div class="chat"><small>Genesis7 left.</small></div><div class="chat"><small>LT41A Hayburner left.</small></div><div class="chat"><small>blarghlfarghl~~ left.</small></div><div class="chat"><small>tsmugs left.</small></div><div class="chat"><small>PlayEdenEternalwMe left.</small></div><div class="chat"><small>Rooster Ruler joined.</small></div><div class="chat"><small>Fidget Spinners left.</small></div><div class="chat"><small>Rooster Ruler left.</small></div><div class="chat"><small>WECAMEASROMANS left.</small></div><div class="chat"><small>backfromtheparty left.</small></div><div class="chat"><small>SweetPosho left.</small></div><div class="chat"><small>halite left.</small></div><div class="chat"><small>LT41X patlop2307 left.</small></div><div class="chat"><small>Albert Enstein ♥ joined.</small></div><div class="chat"><small>kas$h fam chop left.</small></div><div class="chat"><small>Albert Enstein ♥ left.</small></div><div class="chat"><small>Lednah joined.</small></div><div class="chat"><small>Lednah left.</small></div><div class="chat"><small>Jet joined.</small></div><div class="chat"><small>LT41X BK left.</small></div><div class="chat"><small>Jet left.</small></div><div class="chat"><small>Albert Enstein ♥ joined.</small></div><div class="chat"><small>Albert Enstein ♥ left.</small></div><div class="chat"><small>lt41b paycard left.</small></div><div class="chat"><small>SAMQIAN joined.</small></div><div class="chat"><small>kraken danger left.</small></div><div class="chat"><small>gratify left.</small></div><div class="chat"><small>True( ´_ゝ')drew joined.</small></div><div class="chat"><small>True( ´_ゝ')drew left.</small></div><div class="chat"><small>LT41B Shoka left.</small></div><div class="chat"><small>Borrower left.</small></div><div class="chat"><small>tigers jaw joined.</small></div><div class="chat"><small>tigers jaw left.</small></div><div class="chat"><small>Jet joined.</small></div><div class="chat"><small>Jet left.</small></div><div class="chat"><small>SAMQIAN left.</small></div><div class="chat"><small>FMG *_* left.</small></div><div class="chat"><small>BoomBoomBoo joined.</small></div><div class="chat"><small>BoomBoomBoo left.</small></div><div class="chat"><small>ez! left.</small></div><div class="chat"><small>justiciable left.</small></div><div class="chat"><small>bhjjk left.</small></div><div class="chat"><small>s0p left.</small></div><div class="chat"><small>OhioIsMyGodChurch left.</small></div><div class="chat"><small>GOATDON left.</small></div><div class="chat"><small>SAMQIAN joined.</small></div><div class="chat"><small>SAMQIAN left.</small></div><div class="chat"><small>toon linked joined.</small></div><div class="chat"><small>hi ye left.</small></div><div class="chat"><small>toon linked left.</small></div><div class="chat"><small>LT41A Kdot joined.</small></div><div class="chat"><small>LT41A Kdot left.</small></div><div class="chat"><small>LT41Y YAKO left.</small></div><div class="chat"><small>uunvzhuang joined.</small></div><div class="chat"><small>DAVIDpwns joined.</small></div><div class="chat"><small>No Pretzel left.</small></div><div class="chat"><small>uunvzhuang left.</small></div><div class="chat"><small>qgw joined.</small></div><div class="chat"><small>DAVIDpwns left.</small></div><div class="chat"><small>weedandshoulders left.</small></div><div class="chat"><small>LT41A Eko left.</small></div><div class="chat"><small>ABR joined.</small></div><div class="chat"><small>qgw left.</small></div><div class="chat"><small>h iye joined.</small></div><div class="chat"><small>ABR left.</small></div><div class="chat"><small>h iye left.</small></div><div class="chat"><small>wally the bully joined.</small></div><div class="chat"><small>Mega Flexagross joined.</small></div><div class="chat"><small>Mega Flexagross left.</small></div><div class="chat"><small>DAVIDpwns joined.</small></div><div class="chat"><small>DAVIDpwns left.</small></div><div class="chat"><small>wally the bully left.</small></div><div class="chat"><small>LT41A Cora left.</small></div><div class="chat"><small>jefff winger left.</small></div><div class="chat"><small>GxK joined.</small></div><div class="chat"><small>GxK left.</small></div><div class="chat"><small>LT41O Floppy joined.</small></div><div class="chat"><small>LT41O Floppy left.</small></div><div class="chat"><small>blarghlfarghl~~ joined.</small></div><div class="chat"><small>blarghlfarghl~~ left.</small></div><div class="chat"><small>LT41A Fruition joined.</small></div><div class="chat"><small>LT41A Fruition left.</small></div><div class="chat"><small>bibo swagsss joined.</small></div></div><div class="inner-preempt"></div></div></div>
</div>
<script>
let daily = Math.floor(Date.now()/1000/60/60/24);document.write('<script src="https://play.pokemonshowdown.com/js/replay-embed.js?version'+daily+'"></'+'script>');
</script>
