<!DOCTYPE html>
<meta charset="utf-8" />
<!-- version 1 -->
<title>[Gen 7] OU replay: sup kid vs. PLT2GOA Thunder ★</title>
<style>
html,body {font-family:Verdana, sans-serif;font-size:10pt;margin:0;padding:0;}body{padding:12px 0;} .battle-log {font-family:Verdana, sans-serif;font-size:10pt;} .battle-log-inline {border:1px solid #AAAAAA;background:#EEF2F5;color:black;max-width:640px;margin:0 auto 80px;padding-bottom:5px;} .battle-log .inner {padding:4px 8px 0px 8px;} .battle-log .inner-preempt {padding:0 8px 4px 8px;} .battle-log .inner-after {margin-top:0.5em;} .battle-log h2 {margin:0.5em -8px;padding:4px 8px;border:1px solid #AAAAAA;background:#E0E7EA;border-left:0;border-right:0;font-family:Verdana, sans-serif;font-size:13pt;} .battle-log .chat {vertical-align:middle;padding:3px 0 3px 0;font-size:8pt;} .battle-log .chat strong {color:#40576A;} .battle-log .chat em {padding:1px 4px 1px 3px;color:#000000;font-style:normal;} .chat.mine {background:rgba(0,0,0,0.05);margin-left:-8px;margin-right:-8px;padding-left:8px;padding-right:8px;} .spoiler {color:#BBBBBB;background:#BBBBBB;padding:0px 3px;} .spoiler:hover, .spoiler:active, .spoiler-shown {color:#000000;background:#E2E2E2;padding:0px 3px;} .spoiler a {color:#BBBBBB;} .spoiler:hover a, .spoiler:active a, .spoiler-shown a {color:#2288CC;} .chat code, .chat .spoiler:hover code, .chat .spoiler:active code, .chat .spoiler-shown code {border:1px solid #C0C0C0;background:#EEEEEE;color:black;padding:0 2px;} .chat .spoiler code {border:1px solid #CCCCCC;background:#CCCCCC;color:#CCCCCC;} .battle-log .rated {padding:3px 4px;} .battle-log .rated strong {color:white;background:#89A;padding:1px 4px;border-radius:4px;} .spacer {margin-top:0.5em;} .message-announce {background:#6688AA;color:white;padding:1px 4px 2px;} .message-announce a, .broadcast-green a, .broadcast-blue a, .broadcast-red a {color:#DDEEFF;} .broadcast-green {background-color:#559955;color:white;padding:2px 4px;} .broadcast-blue {background-color:#6688AA;color:white;padding:2px 4px;} .infobox {border:1px solid #6688AA;padding:2px 4px;} .infobox-limited {max-height:200px;overflow:auto;overflow-x:hidden;} .broadcast-red {background-color:#AA5544;color:white;padding:2px 4px;} .message-learn-canlearn {font-weight:bold;color:#228822;text-decoration:underline;} .message-learn-cannotlearn {font-weight:bold;color:#CC2222;text-decoration:underline;} .message-effect-weak {font-weight:bold;color:#CC2222;} .message-effect-resist {font-weight:bold;color:#6688AA;} .message-effect-immune {font-weight:bold;color:#666666;} .message-learn-list {margin-top:0;margin-bottom:0;} .message-throttle-notice, .message-error {color:#992222;} .message-overflow, .chat small.message-overflow {font-size:0pt;} .message-overflow::before {font-size:9pt;content:'...';} .subtle {color:#3A4A66;}
</style>
<div class="wrapper replay-wrapper" style="max-width:1180px;margin:0 auto">
<input type="hidden" name="replayid" value="gen7ou-866612002" />
<div class="battle"></div><div class="battle-log"></div><div class="replay-controls"></div><div class="replay-controls-2"></div>
<h1 style="font-weight:normal;text-align:center"><strong>[Gen 7] OU</strong><br /><a href="http://pokemonshowdown.com/users/supkid" class="subtle" target="_blank">sup kid</a> vs. <a href="http://pokemonshowdown.com/users/plt2goathunder" class="subtle" target="_blank">PLT2GOA Thunder ★</a></h1>
<script type="text/plain" class="battle-log-data">|j|☆sup kid
|j|☆PLT2GOA Thunder ★
|player|p1|sup kid|61
|player|p2|PLT2GOA Thunder ★|blue-gen3champion
|teamsize|p1|6
|teamsize|p2|6
|gametype|singles
|gen|7
|tier|[Gen 7] OU
|rated|
|rule|Sleep Clause Mod: Limit one foe put to sleep
|rule|Species Clause: Limit one of each Pokémon
|rule|OHKO Clause: OHKO moves are banned
|rule|Moody Clause: Moody is banned
|rule|Evasion Moves Clause: Evasion moves are banned
|rule|Endless Battle Clause: Forcing endless battles is banned
|rule|HP Percentage Mod: HP is shown in percentages
|clearpoke
|poke|p1|Mawile, M|item
|poke|p1|Kartana|item
|poke|p1|Landorus-Therian, M|item
|poke|p1|Manaphy|item
|poke|p1|Clefable, M|item
|poke|p1|Tapu Bulu|item
|poke|p2|Hippowdon, M|item
|poke|p2|Kyurem-Black|item
|poke|p2|Scizor, M|item
|poke|p2|Mantine, M|item
|poke|p2|Magnezone|item
|poke|p2|Tapu Lele|item
|teampreview
|inactive|Battle timer is ON: inactive players will automatically lose when time's up. (requested by sup kid)
|j| teejin
|inactive|PLT2GOA Thunder ★ has 120 seconds left.
|
|start
|switch|p1a: Mawile|Mawile, M|100\/100
|switch|p2a: Kyurem|Kyurem-Black|100\/100
|-ability|p2a: Kyurem|Teravolt
|-ability|p1a: Mawile|Intimidate|boost
|-unboost|p2a: Kyurem|atk|1
|turn|1
|j| Orphanon
|inactive|PLT2GOA Thunder ★ has 120 seconds left.
|
|switch|p2a: Hippowdon|Hippowdon, M|100\/100
|-weather|Sandstorm|[from] ability: Sand Stream|[of] p2a: Hippowdon
|switch|p1a: Landorus|Landorus-Therian, M|100\/100
|-ability|p1a: Landorus|Intimidate|boost
|-unboost|p2a: Hippowdon|atk|1
|
|-weather|Sandstorm|[upkeep]
|upkeep
|turn|2
|inactive|PLT2GOA Thunder ★ has 120 seconds left.
|
|move|p1a: Landorus|Stealth Rock|p2a: Hippowdon
|-sidestart|p2: PLT2GOA Thunder ★|move: Stealth Rock
|move|p2a: Hippowdon|Stealth Rock|p1a: Landorus
|-sidestart|p1: sup kid|move: Stealth Rock
|
|-weather|Sandstorm|[upkeep]
|upkeep
|turn|3
|
|move|p1a: Landorus|Earthquake|p2a: Hippowdon
|-damage|p2a: Hippowdon|54\/100
|move|p2a: Hippowdon|Whirlwind|p1a: Landorus
|drag|p1a: Clefable|Clefable, M|100\/100
|
|-weather|Sandstorm|[upkeep]
|-heal|p2a: Hippowdon|60\/100|[from] item: Leftovers
|upkeep
|turn|4
|j| Oro e Diamanti
|inactive|sup kid has 120 seconds left.
|l| Oro e Diamanti
|inactive|sup kid has 90 seconds left.
|
|switch|p1a: Landorus|Landorus-Therian, M|100\/100
|-damage|p1a: Landorus|88\/100|[from] Stealth Rock
|-ability|p1a: Landorus|Intimidate|boost
|-unboost|p2a: Hippowdon|atk|1
|move|p2a: Hippowdon|Slack Off|p2a: Hippowdon
|-heal|p2a: Hippowdon|100\/100
|
|-weather|Sandstorm|[upkeep]
|upkeep
|turn|5
|
|move|p1a: Landorus|Earthquake|p2a: Hippowdon
|-damage|p2a: Hippowdon|55\/100
|move|p2a: Hippowdon|Whirlwind|p1a: Landorus
|drag|p1a: Tapu Bulu|Tapu Bulu|100\/100
|-damage|p1a: Tapu Bulu|88\/100|[from] Stealth Rock
|-fieldstart|move: Grassy Terrain|[from] ability: Grassy Surge|[of] p1a: Tapu Bulu
|
|-weather|none
|-heal|p1a: Tapu Bulu|94\/100|[from] item: Leftovers
|-heal|p1a: Tapu Bulu|100\/100|[from] Grassy Terrain
|-heal|p2a: Hippowdon|61\/100|[from] item: Leftovers
|-heal|p2a: Hippowdon|67\/100|[from] Grassy Terrain
|upkeep
|turn|6
|inactive|sup kid has 90 seconds left.
|
|switch|p2a: Scizor|Scizor, M|100\/100
|-damage|p2a: Scizor|88\/100|[from] Stealth Rock
|move|p1a: Tapu Bulu|Swords Dance|p1a: Tapu Bulu
|-boost|p1a: Tapu Bulu|atk|2
|
|-heal|p2a: Scizor|94\/100|[from] Grassy Terrain
|upkeep
|turn|7
|inactive|sup kid has 60 seconds left.
|
|detailschange|p2a: Scizor|Scizor-Mega, M
|-mega|p2a: Scizor|Scizor|Scizorite
|move|p2a: Scizor|Swords Dance|p2a: Scizor
|-boost|p2a: Scizor|atk|2
|move|p1a: Tapu Bulu|Swords Dance|p1a: Tapu Bulu
|-boost|p1a: Tapu Bulu|atk|2
|
|-heal|p2a: Scizor|100\/100|[from] Grassy Terrain
|upkeep
|turn|8
|inactive|PLT2GOA Thunder ★ has 120 seconds left.
|inactive|PLT2GOA Thunder ★ has 90 seconds left.
|
|move|p2a: Scizor|Bullet Punch|p1a: Tapu Bulu
|-supereffective|p1a: Tapu Bulu
|-damage|p1a: Tapu Bulu|0 fnt
|faint|p1a: Tapu Bulu
|
|upkeep
|inactive|sup kid has 60 seconds left.
|
|switch|p1a: Manaphy|Manaphy|100\/100
|-damage|p1a: Manaphy|88\/100|[from] Stealth Rock
|turn|9
|inactive|PLT2GOA Thunder ★ has 90 seconds left.
|
|move|p1a: Manaphy|Surf|p2a: Scizor
|-damage|p2a: Scizor|56\/100
|move|p2a: Scizor|Knock Off|p1a: Manaphy
|-damage|p1a: Manaphy|19\/100
|-enditem|p1a: Manaphy|Leftovers|[from] move: Knock Off|[of] p2a: Scizor
|
|-heal|p1a: Manaphy|25\/100|[from] Grassy Terrain
|-heal|p2a: Scizor|62\/100|[from] Grassy Terrain
|-fieldend|move: Grassy Terrain
|upkeep
|turn|10
|inactive|PLT2GOA Thunder ★ has 90 seconds left.
|
|move|p2a: Scizor|Bullet Punch|p1a: Manaphy
|-resisted|p1a: Manaphy
|-damage|p1a: Manaphy|0 fnt
|faint|p1a: Manaphy
|
|upkeep
|
|switch|p1a: Landorus|Landorus-Therian, M|88\/100
|-damage|p1a: Landorus|76\/100|[from] Stealth Rock
|-ability|p1a: Landorus|Intimidate|boost
|-unboost|p2a: Scizor|atk|1
|turn|11
|j| Trapinium Z
|inactive|PLT2GOA Thunder ★ has 90 seconds left.
|
|move|p1a: Landorus|Earthquake|p2a: Scizor
|-damage|p2a: Scizor|9\/100
|move|p2a: Scizor|Swords Dance|p2a: Scizor
|-boost|p2a: Scizor|atk|2
|
|upkeep
|turn|12
|
|move|p2a: Scizor|Bullet Punch|p1a: Landorus
|-damage|p1a: Landorus|0 fnt
|faint|p1a: Landorus
|
|upkeep
|
|switch|p1a: Kartana|Kartana|100\/100
|-damage|p1a: Kartana|94\/100|[from] Stealth Rock
|turn|13
|
|move|p2a: Scizor|Bullet Punch|p1a: Kartana
|-resisted|p1a: Kartana
|-damage|p1a: Kartana|44\/100
|move|p1a: Kartana|Sacred Sword|p2a: Scizor
|-damage|p2a: Scizor|0 fnt
|faint|p2a: Scizor
|-ability|p1a: Kartana|Beast Boost|boost
|-boost|p1a: Kartana|atk|1
|
|upkeep
|
|switch|p2a: Tapu Lele|Tapu Lele|100\/100
|-damage|p2a: Tapu Lele|88\/100|[from] Stealth Rock
|-fieldstart|move: Psychic Terrain|[from] ability: Psychic Surge|[of] p2a: Tapu Lele
|turn|14
|
|move|p2a: Tapu Lele|Psychic|p1a: Kartana
|-resisted|p1a: Kartana
|-damage|p1a: Kartana|0 fnt
|faint|p1a: Kartana
|
|upkeep
|c|☆sup kid|lol u were scarfed good to know
|
|switch|p1a: Mawile|Mawile, M|100\/100
|-damage|p1a: Mawile|94\/100|[from] Stealth Rock
|-ability|p1a: Mawile|Intimidate|boost
|-unboost|p2a: Tapu Lele|atk|1
|turn|15
|
|detailschange|p1a: Mawile|Mawile-Mega, M
|-mega|p1a: Mawile|Mawile|Mawilite
|move|p2a: Tapu Lele|Psychic|p1a: Mawile
|-resisted|p1a: Mawile
|-damage|p1a: Mawile|52\/100
|move|p1a: Mawile|Play Rough|p2a: Tapu Lele
|-damage|p2a: Tapu Lele|0 fnt
|faint|p2a: Tapu Lele
|
|upkeep
|
|switch|p2a: Magnezone|Magnezone, shiny|100\/100
|-damage|p2a: Magnezone|94\/100|[from] Stealth Rock
|turn|16
|
|move|p2a: Magnezone|Thunderbolt|p1a: Mawile
|-damage|p1a: Mawile|0 fnt
|faint|p1a: Mawile
|
|upkeep
|
|switch|p1a: Clefable|Clefable, M|100\/100
|turn|17
|
|move|p2a: Magnezone|Flash Cannon|p1a: Clefable
|-supereffective|p1a: Clefable
|-damage|p1a: Clefable|8\/100
|move|p1a: Clefable|Cosmic Power|p1a: Clefable
|-boost|p1a: Clefable|def|1
|-boost|p1a: Clefable|spd|1
|
|-heal|p1a: Clefable|14\/100|[from] item: Leftovers
|upkeep
|turn|18
|c|☆PLT2GOA Thunder ★|gg
|c|☆sup kid|hmm prob av good to know ur sets kartana sweeps u next game
|c|☆sup kid|gg
|-message|sup kid forfeited.
|
|win|PLT2GOA Thunder ★
|c|☆PLT2GOA Thunder ★|maybe
|l|☆sup kid
|raw|sup kid's rating: 1949 &rarr; <strong>1921<\/strong><br \/>(-28 for losing)
|raw|PLT2GOA Thunder ★'s rating: 1806 &rarr; <strong>1834<\/strong><br \/>(+28 for winning)
|l|☆PLT2GOA Thunder ★
|l| teejin
</script>
</div>
<div class="battle-log battle-log-inline"><div class="inner"><div class="battle-options"></div><div class="inner"><div class="chat"><small>☆sup kid joined.</small></div><div class="chat"><small>☆PLT2GOA Thunder ★ joined.</small></div><div class=""><small>Format:</small> <br><strong>[Gen 7] OU</strong></div><div class="rated"><strong>Rated battle</strong></div><div class=""><small><em>Sleep Clause Mod:</em> Limit one foe put to sleep</small></div><div class=""><small><em>Species Clause:</em> Limit one of each Pokémon</small></div><div class=""><small><em>OHKO Clause:</em> OHKO moves are banned</small></div><div class=""><small><em>Moody Clause:</em> Moody is banned</small></div><div class=""><small><em>Evasion Moves Clause:</em> Evasion moves are banned</small></div><div class=""><small><em>Endless Battle Clause:</em> Forcing endless battles is banned</small></div><div class=""><small><em>HP Percentage Mod:</em> HP is shown in percentages</small></div><div class="chat battle-history"><strong>sup kid's team:</strong> <em style="color:#445566;display:block;">Mawile / Kartana / Landorus-Therian / Manaphy / Clefable / Tapu Bulu</em></div><div class="chat battle-history"><strong>PLT2GOA Thunder ★'s team:</strong> <em style="color:#445566;display:block;">Hippowdon / Kyurem-Black / Scizor / Mantine / Magnezone / Tapu Lele</em></div><div class="chat message-error">Battle timer is ON: inactive players will automatically lose when time's up. (requested by sup kid)</div><div class="chat"><small> teejin joined.</small></div><div class="chat message-error">PLT2GOA Thunder ★ has 120 seconds left.</div><div class="spacer battle-history"><br></div><div class="battle-history">Battle started between sup kid and PLT2GOA Thunder ★!<br></div><div class="spacer battle-history"><br></div><div class="battle-history">Go! <strong>Mawile</strong>!<br></div><div class="spacer battle-history"><br></div><div class="battle-history">PLT2GOA Thunder ★ sent out Kyurem (<strong>Kyurem-Black</strong>)!<br></div><div class="battle-history"><small>[The opposing Kyurem's Teravolt]</small><br><small>The opposing Kyurem is radiating a bursting aura!</small><br></div><div class="battle-history"><small>[Mawile's Intimidate]</small><br></div><div class="battle-history"><small>The opposing Kyurem's Attack fell!</small><br></div><div class="spacer battle-history"><br></div><h2 class="battle-history">Turn 1</h2><div class="chat"><small> Orphanon joined.</small></div><div class="chat message-error">PLT2GOA Thunder ★ has 120 seconds left.</div><div class="spacer battle-history"><br></div><div class="battle-history">PLT2GOA Thunder ★ withdrew Kyurem!<br></div><div class="battle-history">PLT2GOA Thunder ★ sent out <strong>Hippowdon</strong>!<br></div><div class="battle-history"><small>[The opposing Hippowdon's Sand Stream]</small><br><small>A sandstorm kicked up!</small><br></div><div class="spacer battle-history"><br></div><div class="battle-history">Mawile, come back!<br></div><div class="battle-history">Go! Landorus (<strong>Landorus-Therian</strong>)!<br></div><div class="battle-history"><small>[Landorus's Intimidate]</small><br></div><div class="battle-history"><small>The opposing Hippowdon's Attack fell!</small><br></div><div class="spacer battle-history"><br></div><div class="battle-history"><small>The sandstorm is raging.</small><br></div><div class="spacer battle-history"><br></div><h2 class="battle-history">Turn 2</h2><div class="chat message-error">PLT2GOA Thunder ★ has 120 seconds left.</div><div class="spacer battle-history"><br></div><div class="battle-history">Landorus used <strong>Stealth Rock</strong>!<br></div><div class="battle-history"><small>Pointed stones float in the air around the opposing team!</small><br></div><div class="spacer battle-history"><br></div><div class="battle-history">The opposing Hippowdon used <strong>Stealth Rock</strong>!<br></div><div class="battle-history"><small>Pointed stones float in the air around your team!</small><br></div><div class="spacer battle-history"><br></div><div class="battle-history"><small>The sandstorm is raging.</small><br></div><div class="spacer battle-history"><br></div><h2 class="battle-history">Turn 3</h2><div class="spacer battle-history"><br></div><div class="battle-history">Landorus used <strong>Earthquake</strong>!<br></div><div class="battle-history"><small>(The opposing Hippowdon lost 46% of its health!)</small><br></div><div class="spacer battle-history"><br></div><div class="battle-history">The opposing Hippowdon used <strong>Whirlwind</strong>!<br></div><div class="spacer battle-history"><br></div><div class="battle-history"><strong>Clefable</strong> was dragged out!<br></div><div class="spacer battle-history"><br></div><div class="battle-history"><small>The sandstorm is raging.</small><br></div><div class="battle-history"><small>The opposing Hippowdon restored a little HP using its Leftovers!</small><br></div><div class="spacer battle-history"><br></div><h2 class="battle-history">Turn 4</h2><div class="chat"><small> Oro e Diamanti joined.</small></div><div class="chat message-error">sup kid has 120 seconds left.</div><div class="chat"><small> Oro e Diamanti left.</small></div><div class="chat message-error">sup kid has 90 seconds left.</div><div class="spacer battle-history"><br></div><div class="battle-history">Clefable, come back!<br></div><div class="battle-history">Go! Landorus (<strong>Landorus-Therian</strong>)!<br></div><div class="battle-history"><small>Pointed stones dug into Landorus!</small><br></div><div class="battle-history"><small>[Landorus's Intimidate]</small><br></div><div class="battle-history"><small>The opposing Hippowdon's Attack fell!</small><br></div><div class="spacer battle-history"><br></div><div class="battle-history">The opposing Hippowdon used <strong>Slack Off</strong>!<br></div><div class="battle-history"><small>The opposing Hippowdon restored its HP.</small><br></div><div class="spacer battle-history"><br></div><div class="battle-history"><small>The sandstorm is raging.</small><br></div><div class="spacer battle-history"><br></div><h2 class="battle-history">Turn 5</h2><div class="spacer battle-history"><br></div><div class="battle-history">Landorus used <strong>Earthquake</strong>!<br></div><div class="battle-history"><small>(The opposing Hippowdon lost 45% of its health!)</small><br></div><div class="spacer battle-history"><br></div><div class="battle-history">The opposing Hippowdon used <strong>Whirlwind</strong>!<br></div><div class="spacer battle-history"><br></div><div class="battle-history"><strong>Tapu Bulu</strong> was dragged out!<br></div><div class="battle-history"><small>Pointed stones dug into Tapu Bulu!</small><br></div><div class="battle-history"><small>[Tapu Bulu's Grassy Surge]</small><br><small>Grass grew to cover the battlefield!</small><br></div><div class="spacer battle-history"><br></div><div class="battle-history"><small>The sandstorm subsided.</small><br></div><div class="battle-history"><small>Tapu Bulu restored a little HP using its Leftovers!</small><br></div><div class="battle-history"><small>Tapu Bulu restored HP using its Grassy Terrain!</small><br></div><div class="battle-history"><small>The opposing Hippowdon restored a little HP using its Leftovers!</small><br></div><div class="battle-history"><small>The opposing Hippowdon restored HP using its Grassy Terrain!</small><br></div><div class="spacer battle-history"><br></div><h2 class="battle-history">Turn 6</h2><div class="chat message-error">sup kid has 90 seconds left.</div><div class="spacer battle-history"><br></div><div class="battle-history">PLT2GOA Thunder ★ withdrew Hippowdon!<br></div><div class="battle-history">PLT2GOA Thunder ★ sent out <strong>Scizor</strong>!<br></div><div class="battle-history"><small>Pointed stones dug into the opposing Scizor!</small><br></div><div class="spacer battle-history"><br></div><div class="battle-history">Tapu Bulu used <strong>Swords Dance</strong>!<br></div><div class="battle-history"><small>Tapu Bulu's Attack rose sharply!</small><br></div><div class="spacer battle-history"><br></div><div class="battle-history"><small>The opposing Scizor restored HP using its Grassy Terrain!</small><br></div><div class="spacer battle-history"><br></div><h2 class="battle-history">Turn 7</h2><div class="chat message-error">sup kid has 60 seconds left.</div><div class="spacer battle-history"><br></div><div class="battle-history"><small>The opposing Scizor's Scizorite is reacting to the Key Stone!</small><br>The opposing Scizor has Mega Evolved into Mega Scizor!<br></div><div class="spacer battle-history"><br></div><div class="battle-history">The opposing Scizor used <strong>Swords Dance</strong>!<br></div><div class="battle-history"><small>The opposing Scizor's Attack rose sharply!</small><br></div><div class="spacer battle-history"><br></div><div class="battle-history">Tapu Bulu used <strong>Swords Dance</strong>!<br></div><div class="battle-history"><small>Tapu Bulu's Attack rose sharply!</small><br></div><div class="spacer battle-history"><br></div><div class="battle-history"><small>The opposing Scizor restored HP using its Grassy Terrain!</small><br></div><div class="spacer battle-history"><br></div><h2 class="battle-history">Turn 8</h2><div class="chat message-error">PLT2GOA Thunder ★ has 120 seconds left.</div><div class="chat message-error">PLT2GOA Thunder ★ has 90 seconds left.</div><div class="spacer battle-history"><br></div><div class="battle-history">The opposing Scizor used <strong>Bullet Punch</strong>!<br></div><div class="battle-history"><small>It's super effective!</small><br></div><div class="battle-history"><small>(Tapu Bulu lost 100% of its health!)</small><br></div><div class="spacer battle-history"><br></div><div class="battle-history">Tapu Bulu fainted!<br></div><div class="chat message-error">sup kid has 60 seconds left.</div><div class="spacer battle-history"><br></div><div class="battle-history">Go! <strong>Manaphy</strong>!<br></div><div class="battle-history"><small>Pointed stones dug into Manaphy!</small><br></div><div class="spacer battle-history"><br></div><h2 class="battle-history">Turn 9</h2><div class="chat message-error">PLT2GOA Thunder ★ has 90 seconds left.</div><div class="spacer battle-history"><br></div><div class="battle-history">Manaphy used <strong>Surf</strong>!<br></div><div class="battle-history"><small>(The opposing Scizor lost 44% of its health!)</small><br></div><div class="spacer battle-history"><br></div><div class="battle-history">The opposing Scizor used <strong>Knock Off</strong>!<br></div><div class="battle-history"><small>(Manaphy lost 69% of its health!)</small><br></div><div class="battle-history"><small>The opposing Scizor knocked off Manaphy's Leftovers!</small><br></div><div class="spacer battle-history"><br></div><div class="battle-history"><small>Manaphy restored HP using its Grassy Terrain!</small><br></div><div class="battle-history"><small>The opposing Scizor restored HP using its Grassy Terrain!</small><br></div><div class="battle-history"><small>The grass disappeared from the battlefield.</small><br></div><div class="spacer battle-history"><br></div><h2 class="battle-history">Turn 10</h2><div class="chat message-error">PLT2GOA Thunder ★ has 90 seconds left.</div><div class="spacer battle-history"><br></div><div class="battle-history">The opposing Scizor used <strong>Bullet Punch</strong>!<br></div><div class="battle-history"><small>It's not very effective...</small><br></div><div class="battle-history"><small>(Manaphy lost 25% of its health!)</small><br></div><div class="spacer battle-history"><br></div><div class="battle-history">Manaphy fainted!<br></div><div class="spacer battle-history"><br></div><div class="battle-history">Go! Landorus (<strong>Landorus-Therian</strong>)!<br></div><div class="battle-history"><small>Pointed stones dug into Landorus!</small><br></div><div class="battle-history"><small>[Landorus's Intimidate]</small><br></div><div class="battle-history"><small>The opposing Scizor's Attack fell!</small><br></div><div class="spacer battle-history"><br></div><h2 class="battle-history">Turn 11</h2><div class="chat"><small> Trapinium Z joined.</small></div><div class="chat message-error">PLT2GOA Thunder ★ has 90 seconds left.</div><div class="spacer battle-history"><br></div><div class="battle-history">Landorus used <strong>Earthquake</strong>!<br></div><div class="battle-history"><small>(The opposing Scizor lost 53% of its health!)</small><br></div><div class="spacer battle-history"><br></div><div class="battle-history">The opposing Scizor used <strong>Swords Dance</strong>!<br></div><div class="battle-history"><small>The opposing Scizor's Attack rose sharply!</small><br></div><div class="spacer battle-history"><br></div><h2 class="battle-history">Turn 12</h2><div class="spacer battle-history"><br></div><div class="battle-history">The opposing Scizor used <strong>Bullet Punch</strong>!<br></div><div class="battle-history"><small>(Landorus lost 76% of its health!)</small><br></div><div class="spacer battle-history"><br></div><div class="battle-history">Landorus fainted!<br></div><div class="spacer battle-history"><br></div><div class="battle-history">Go! <strong>Kartana</strong>!<br></div><div class="battle-history"><small>Pointed stones dug into Kartana!</small><br></div><div class="spacer battle-history"><br></div><h2 class="battle-history">Turn 13</h2><div class="spacer battle-history"><br></div><div class="battle-history">The opposing Scizor used <strong>Bullet Punch</strong>!<br></div><div class="battle-history"><small>It's not very effective...</small><br></div><div class="battle-history"><small>(Kartana lost 50% of its health!)</small><br></div><div class="spacer battle-history"><br></div><div class="battle-history">Kartana used <strong>Sacred Sword</strong>!<br></div><div class="battle-history"><small>(The opposing Scizor lost 9% of its health!)</small><br></div><div class="spacer battle-history"><br></div><div class="battle-history">The opposing Scizor fainted!<br></div><div class="battle-history"><small>[Kartana's Beast Boost]</small><br></div><div class="battle-history"><small>Kartana's Attack rose!</small><br></div><div class="spacer battle-history"><br></div><div class="battle-history">PLT2GOA Thunder ★ sent out <strong>Tapu Lele</strong>!<br></div><div class="battle-history"><small>Pointed stones dug into the opposing Tapu Lele!</small><br></div><div class="battle-history"><small>[The opposing Tapu Lele's Psychic Surge]</small><br><small>The battlefield got weird!</small><br></div><div class="spacer battle-history"><br></div><h2 class="battle-history">Turn 14</h2><div class="spacer battle-history"><br></div><div class="battle-history">The opposing Tapu Lele used <strong>Psychic</strong>!<br></div><div class="battle-history"><small>It's not very effective...</small><br></div><div class="battle-history"><small>(Kartana lost 44% of its health!)</small><br></div><div class="spacer battle-history"><br></div><div class="battle-history">Kartana fainted!<br></div><div class="chat chatmessage-supkid"><strong style="color:hsl(111,82%,34%)"><small>☆</small><span class="username" data-name="sup kid">sup kid</span>:</strong> <em>lol u were scarfed good to know</em></div><div class="spacer battle-history"><br></div><div class="battle-history">Go! <strong>Mawile</strong>!<br></div><div class="battle-history"><small>Pointed stones dug into Mawile!</small><br></div><div class="battle-history"><small>[Mawile's Intimidate]</small><br></div><div class="battle-history"><small>The opposing Tapu Lele's Attack fell!</small><br></div><div class="spacer battle-history"><br></div><h2 class="battle-history">Turn 15</h2><div class="spacer battle-history"><br></div><div class="battle-history"><small>Mawile's Mawilite is reacting to the Key Stone!</small><br>Mawile has Mega Evolved into Mega Mawile!<br></div><div class="spacer battle-history"><br></div><div class="battle-history">The opposing Tapu Lele used <strong>Psychic</strong>!<br></div><div class="battle-history"><small>It's not very effective...</small><br></div><div class="battle-history"><small>(Mawile lost 42% of its health!)</small><br></div><div class="spacer battle-history"><br></div><div class="battle-history">Mawile used <strong>Play Rough</strong>!<br></div><div class="battle-history"><small>(The opposing Tapu Lele lost 88% of its health!)</small><br></div><div class="spacer battle-history"><br></div><div class="battle-history">The opposing Tapu Lele fainted!<br></div><div class="spacer battle-history"><br></div><div class="battle-history">PLT2GOA Thunder ★ sent out <strong>Magnezone</strong>!<br></div><div class="battle-history"><small>Pointed stones dug into the opposing Magnezone!</small><br></div><div class="spacer battle-history"><br></div><h2 class="battle-history">Turn 16</h2><div class="spacer battle-history"><br></div><div class="battle-history">The opposing Magnezone used <strong>Thunderbolt</strong>!<br></div><div class="battle-history"><small>(Mawile lost 52% of its health!)</small><br></div><div class="spacer battle-history"><br></div><div class="battle-history">Mawile fainted!<br></div><div class="spacer battle-history"><br></div><div class="battle-history">Go! <strong>Clefable</strong>!<br></div><div class="spacer battle-history"><br></div><h2 class="battle-history">Turn 17</h2><div class="spacer battle-history"><br></div><div class="battle-history">The opposing Magnezone used <strong>Flash Cannon</strong>!<br></div><div class="battle-history"><small>It's super effective!</small><br></div><div class="battle-history"><small>(Clefable lost 92% of its health!)</small><br></div><div class="spacer battle-history"><br></div><div class="battle-history">Clefable used <strong>Cosmic Power</strong>!<br></div><div class="battle-history"><small>Clefable's Defense rose!</small><br></div><div class="battle-history"><small>Clefable's Special Defense rose!</small><br></div><div class="spacer battle-history"><br></div><div class="battle-history"><small>Clefable restored a little HP using its Leftovers!</small><br></div><div class="spacer battle-history"><br></div><h2 class="battle-history">Turn 18</h2><div class="chat chatmessage-plt2goathunder"><strong style="color:hsl(218,84%,52.3558149576065%)"><small>☆</small><span class="username" data-name="PLT2GOA Thunder ★">PLT2GOA Thunder ★</span>:</strong> <em>gg</em></div><div class="chat chatmessage-supkid"><strong style="color:hsl(111,82%,34%)"><small>☆</small><span class="username" data-name="sup kid">sup kid</span>:</strong> <em>hmm prob av good to know ur sets kartana sweeps u next game</em></div><div class="chat chatmessage-supkid"><strong style="color:hsl(111,82%,34%)"><small>☆</small><span class="username" data-name="sup kid">sup kid</span>:</strong> <em>gg</em></div><div class="spacer battle-history"><br></div><div class="battle-history"><small>sup kid forfeited.</small><br></div><div class="spacer battle-history"><br></div><div class="battle-history"><strong>PLT2GOA Thunder ★</strong> won the battle!<br></div><div class="chat chatmessage-plt2goathunder"><strong style="color:hsl(218,84%,52.3558149576065%)"><small>☆</small><span class="username" data-name="PLT2GOA Thunder ★">PLT2GOA Thunder ★</span>:</strong> <em>maybe</em></div><div class="chat"><small>☆sup kid left.</small></div><div class="chat">sup kid's rating: 1949 → <strong>1921</strong><br>(-28 for losing)</div><div class="chat">PLT2GOA Thunder ★'s rating: 1806 → <strong>1834</strong><br>(+28 for winning)</div><div class="chat"><small>☆PLT2GOA Thunder ★ left.</small></div><div class="chat"><small> teejin left.</small></div></div><div class="inner-preempt"></div></div></div>
</div>
<script>
let daily = Math.floor(Date.now()/1000/60/60/24);document.write('<script src="https://play.pokemonshowdown.com/js/replay-embed.js?version'+daily+'"></'+'script>');
</script>
