<!DOCTYPE html>
<meta charset="utf-8" />
<!-- version 1 -->
<title>[Gen 7] OU replay: LT44C Kebab vs. LT45B Ursa</title>
<style>
html,body {font-family:Verdana, sans-serif;font-size:10pt;margin:0;padding:0;}body{padding:12px 0;} .battle-log {font-family:Verdana, sans-serif;font-size:10pt;} .battle-log-inline {border:1px solid #AAAAAA;background:#EEF2F5;color:black;max-width:640px;margin:0 auto 80px;padding-bottom:5px;} .battle-log .inner {padding:4px 8px 0px 8px;} .battle-log .inner-preempt {padding:0 8px 4px 8px;} .battle-log .inner-after {margin-top:0.5em;} .battle-log h2 {margin:0.5em -8px;padding:4px 8px;border:1px solid #AAAAAA;background:#E0E7EA;border-left:0;border-right:0;font-family:Verdana, sans-serif;font-size:13pt;} .battle-log .chat {vertical-align:middle;padding:3px 0 3px 0;font-size:8pt;} .battle-log .chat strong {color:#40576A;} .battle-log .chat em {padding:1px 4px 1px 3px;color:#000000;font-style:normal;} .chat.mine {background:rgba(0,0,0,0.05);margin-left:-8px;margin-right:-8px;padding-left:8px;padding-right:8px;} .spoiler {color:#BBBBBB;background:#BBBBBB;padding:0px 3px;} .spoiler:hover, .spoiler:active, .spoiler-shown {color:#000000;background:#E2E2E2;padding:0px 3px;} .spoiler a {color:#BBBBBB;} .spoiler:hover a, .spoiler:active a, .spoiler-shown a {color:#2288CC;} .chat code, .chat .spoiler:hover code, .chat .spoiler:active code, .chat .spoiler-shown code {border:1px solid #C0C0C0;background:#EEEEEE;color:black;padding:0 2px;} .chat .spoiler code {border:1px solid #CCCCCC;background:#CCCCCC;color:#CCCCCC;} .battle-log .rated {padding:3px 4px;} .battle-log .rated strong {color:white;background:#89A;padding:1px 4px;border-radius:4px;} .spacer {margin-top:0.5em;} .message-announce {background:#6688AA;color:white;padding:1px 4px 2px;} .message-announce a, .broadcast-green a, .broadcast-blue a, .broadcast-red a {color:#DDEEFF;} .broadcast-green {background-color:#559955;color:white;padding:2px 4px;} .broadcast-blue {background-color:#6688AA;color:white;padding:2px 4px;} .infobox {border:1px solid #6688AA;padding:2px 4px;} .infobox-limited {max-height:200px;overflow:auto;overflow-x:hidden;} .broadcast-red {background-color:#AA5544;color:white;padding:2px 4px;} .message-learn-canlearn {font-weight:bold;color:#228822;text-decoration:underline;} .message-learn-cannotlearn {font-weight:bold;color:#CC2222;text-decoration:underline;} .message-effect-weak {font-weight:bold;color:#CC2222;} .message-effect-resist {font-weight:bold;color:#6688AA;} .message-effect-immune {font-weight:bold;color:#666666;} .message-learn-list {margin-top:0;margin-bottom:0;} .message-throttle-notice, .message-error {color:#992222;} .message-overflow, .chat small.message-overflow {font-size:0pt;} .message-overflow::before {font-size:9pt;content:'...';} .subtle {color:#3A4A66;}
</style>
<div class="wrapper replay-wrapper" style="max-width:1180px;margin:0 auto">
<input type="hidden" name="replayid" value="gen7ou-624223106" />
<div class="battle"></div><div class="battle-log"></div><div class="replay-controls"></div><div class="replay-controls-2"></div>
<h1 style="font-weight:normal;text-align:center"><strong>[Gen 7] OU</strong><br /><a href="http://pokemonshowdown.com/users/lt44ckebab" class="subtle" target="_blank">LT44C Kebab</a> vs. <a href="http://pokemonshowdown.com/users/lt45bursa" class="subtle" target="_blank">LT45B Ursa</a></h1>
<script type="text/plain" class="battle-log-data">|j|LT44C Kebab
|j|LT45B Ursa
|player|p1|LT44C Kebab|80
|teamsize|p1|6
|player|p2|LT45B Ursa|247
|teamsize|p2|6
|gametype|singles
|gen|7
|tier|[Gen 7] OU
|rated
|seed|34795,54836,14601,52898
|rule|Sleep Clause Mod: Limit one foe put to sleep
|rule|Species Clause: Limit one of each Pokémon
|rule|OHKO Clause: OHKO moves are banned
|rule|Moody Clause: Moody is banned
|rule|Evasion Moves Clause: Evasion moves are banned
|rule|Endless Battle Clause: Forcing endless battles is banned
|rule|HP Percentage Mod: HP is shown in percentages
|clearpoke
|poke|p1|Persian-Alola, M|item
|poke|p1|Talonflame, M|item
|poke|p1|Lucario, M|item
|poke|p1|Venusaur, F|item
|poke|p1|Azelf|item
|poke|p1|Mimikyu, M|item
|poke|p2|Smeargle, M|item
|poke|p2|Charizard, M|item
|poke|p2|Zygarde|item
|poke|p2|Tapu Lele|item
|poke|p2|Gengar, F|item
|poke|p2|Kartana|item
|teampreview
|j|unk@JPN
|j|JCIS17
|j|tricking
|j|Ninetales Dragons
|choice|team 5, team 2, team 3, team 4, team 1, team 6|team 1, team 2, team 3, team 4, team 5, team 6
|
|start
|switch|p1a: Azelf|Azelf|291\/291
|switch|p2a: #1|Smeargle, M|314\/314
|turn|1
|j|H.M.N.I.P
|choice|move taunt|move magiccoat
|
|move|p2a: #1|Magic Coat|p2a: #1
|-singleturn|p2a: #1|move: Magic Coat
|move|p1a: Azelf|Taunt|p2a: #1
|move|p2a: #1|Taunt|p1a: Azelf|[from]Magic Coat
|-start|p1a: Azelf|move: Taunt
|
|upkeep
|turn|2
|c| H.M.N.I.P|Che team è
|c| tricking|gli ho detto
|c| tricking|di usare
|c| tricking|il gatto fugace.
|c| H.M.N.I.P|LOL
|choice|switch 4|move stealthrock
|
|switch|p1a: Venusaur|Venusaur, F|354\/354
|move|p2a: #1|Stealth Rock|p1a: Venusaur
|-sidestart|p1: LT44C Kebab|move: Stealth Rock
|
|upkeep
|turn|3
|choice|move sludgebomb mega|move stickyweb
|
|detailschange|p1a: Venusaur|Venusaur-Mega, F
|-mega|p1a: Venusaur|Venusaur|Venusaurite
|move|p2a: #1|Sticky Web|p1a: Venusaur
|-sidestart|p1: LT44C Kebab|move: Sticky Web
|move|p1a: Venusaur|Sludge Bomb|p2a: #1
|-enditem|p2a: #1|Focus Sash
|-damage|p2a: #1|1\/314
|-status|p2a: #1|psn
|
|-damage|p2a: #1|0 fnt|[from] psn
|upkeep
|faint|p2a: #1
|choice||switch 2
|
|switch|p2a: #2|Charizard, M|297\/297
|turn|4
|c| H.M.N.I.P|Scusa ma
|c| H.M.N.I.P|Le hazard
|c| H.M.N.I.P|Come le levi?
|c|☆LT44C Kebab|non le levo
|c|☆LT44C Kebab|ez
|c| tricking|ma sono
|c| tricking|bellissime
|choice|move sludgebomb|move dragondance mega
|
|detailschange|p2a: #2|Charizard-Mega-X, M
|-mega|p2a: #2|Charizard|Charizardite X
|move|p2a: #2|Dragon Dance|p2a: #2
|-boost|p2a: #2|atk|1
|-boost|p2a: #2|spe|1
|move|p1a: Venusaur|Sludge Bomb|p2a: #2
|-damage|p2a: #2|93\/297
|
|upkeep
|turn|5
|c| tricking|cazzo le levi
|c| tricking|a fare
|c| tricking|non capisci una mazza hmnip.
|choice|move sludgebomb|move flareblitz
|
|move|p2a: #2|Flare Blitz|p1a: Venusaur
|-supereffective|p1a: Venusaur
|-damage|p1a: Venusaur|0 fnt
|-damage|p2a: #2|0 fnt|[from] Recoil|[of] p1a: Venusaur
|faint|p1a: Venusaur
|faint|p2a: #2
|
|upkeep
|choice|switch 4|switch 5
|
|switch|p1a: Azelf|Azelf|291\/291
|switch|p2a: #5|Gengar, F|262\/262
|-damage|p1a: Azelf|255\/291|[from] Stealth Rock
|turn|6
|c| Ninetales Dragons|Ah yes, Charizard was the best choice for Mega Venusaur.
|c| H.M.N.I.P|Magari perché
|c| H.M.N.I.P|Hai Talonflame
|choice|move stealthrock|move shadowball
|
|move|p1a: Azelf|Stealth Rock|p2a: #5
|-sidestart|p2: LT45B Ursa|move: Stealth Rock
|move|p2a: #5|Shadow Ball|p1a: Azelf
|-supereffective|p1a: Azelf
|-damage|p1a: Azelf|0 fnt
|-damage|p2a: #5|236\/262|[from] item: Life Orb
|faint|p1a: Azelf
|
|upkeep
|c| H.M.N.I.P|Con Gay wings
|c| H.M.N.I.P|Che funge solo
|c| H.M.N.I.P|A 100%
|c| tricking|è ok
|c|☆LT44C Kebab|non ho gale wings
|c| tricking|sweepa cmq
|c|☆LT44C Kebab|lol
|c| tricking|lOL
|c| tricking|ma daglielo
|c| H.M.N.I.P|LOOOL
|choice|switch 6|
|
|switch|p1a: Mimikyu|Mimikyu, M|251\/251
|-activate|p1a: Mimikyu|move: Sticky Web
|-unboost|p1a: Mimikyu|spe|1
|-damage|p1a: Mimikyu|220\/251|[from] Stealth Rock
|turn|7
|c| Ninetales Dragons|Azelf is able to get up Stealth Rocks before fainting from the powerful Shadow Ball.
|j|lalala5050
|l|lalala5050
|c| tricking|Thanks for your imput
|c| tricking|=)
|choice|move shadowclaw|move shadowball
|
|move|p2a: #5|Shadow Ball|p1a: Mimikyu
|-activate|p1a: Mimikyu|ability: Disguise
|-damage|p1a: Mimikyu|220\/251
|detailschange|p1a: Mimikyu|Mimikyu-Busted, M
|-damage|p2a: #5|210\/262|[from] item: Life Orb
|move|p1a: Mimikyu|Shadow Claw|p2a: #5
|-supereffective|p2a: #5
|-damage|p2a: #5|0 fnt
|-damage|p1a: Mimikyu|195\/251|[from] item: Life Orb
|faint|p2a: #5
|
|upkeep
|choice||switch 6
|
|switch|p2a: #6|Kartana|259\/259
|-damage|p2a: #6|243\/259|[from] Stealth Rock
|turn|8
|c| tricking|xk
|c| tricking|non hai snikkato
|choice|move shadowclaw|move smartstrike
|
|move|p2a: #6|Smart Strike|p1a: Mimikyu
|-supereffective|p1a: Mimikyu
|-damage|p1a: Mimikyu|0 fnt
|faint|p1a: Mimikyu
|-ability|p2a: #6|Beast Boost|boost
|-boost|p2a: #6|atk|1
|
|upkeep
|c| tricking|a stronzo.
|c|☆LT44C Kebab|percjé ho sbagliato natura
|c| tricking|tutto a rotoli.
|c| H.M.N.I.P|vbb
|c| tricking|comunque è il lead che non va bene,
|c| H.M.N.I.P|Talon +
|choice|switch 2|
|
|switch|p1a: Talonflame|Talonflame, M|297\/297
|-damage|p1a: Talonflame|149\/297|[from] Stealth Rock
|turn|9
|c| H.M.N.I.P|L'altro coso
|c| H.M.N.I.P|Vincono
|c| tricking|no
|c| tricking|lol
|c| Ninetales Dragons|Just like that, it's a 3-on-3!
|choice|move roost|switch 3
|
|switch|p2a: #3|Zygarde|397\/397
|-damage|p2a: #3|373\/397|[from] Stealth Rock
|-ability|p2a: #3|Aura Break
|move|p1a: Talonflame|Roost|p1a: Talonflame
|-heal|p1a: Talonflame|297\/297
|
|upkeep
|turn|10
|c| H.M.N.I.P|Come no
|c| tricking|mado
|c| tricking|se è bulky
|c| tricking|ti amo kebabbaro
|c| H.M.N.I.P|WoW
|c| H.M.N.I.P|Qua
|choice|move swordsdance|move coil
|
|move|p1a: Talonflame|Swords Dance|p1a: Talonflame
|-boost|p1a: Talonflame|atk|2
|move|p2a: #3|Coil|p2a: #3
|-boost|p2a: #3|atk|1
|-boost|p2a: #3|def|1
|-boost|p2a: #3|accuracy|1
|
|upkeep
|turn|11
|c| H.M.N.I.P|Ma Lele
|c| tricking|stecca in arrivo
|choice|move bravebird zmove|move thousandarrows
|
|-zpower|p1a: Talonflame
|move|p1a: Talonflame|Supersonic Skystrike|p2a: #3|[zeffect]
|-damage|p2a: #3|100\/397
|move|p2a: #3|Thousand Arrows|p1a: Talonflame
|-damage|p1a: Talonflame|3\/297
|-start|p1a: Talonflame|Smack Down
|
|upkeep
|turn|12
|c| H.M.N.I.P|Lo considera
|c| tricking|sì
|c| H.M.N.I.P|Priority
|c| H.M.N.I.P|'
|c| H.M.N.I.P|0*
|choice|move bravebird|move extremespeed
|
|move|p2a: #3|Extreme Speed|p1a: Talonflame
|-damage|p1a: Talonflame|0 fnt
|faint|p1a: Talonflame
|
|upkeep
|choice|switch 5|
|
|switch|p1a: Persian|Persian-Alola, M|334\/334
|-damage|p1a: Persian|293\/334|[from] Stealth Rock
|-activate|p1a: Persian|move: Sticky Web
|-unboost|p1a: Persian|spe|1
|turn|13
|c|☆LT44C Kebab|a raga
|c| Ninetales Dragons|It's a Z-Move!
|c|☆LT44C Kebab|ma ho sbagliato
|c|☆LT44C Kebab|peccato
|choice|move hiddenpower|move thousandarrows
|
|move|p2a: #3|Thousand Arrows|p1a: Persian
|-damage|p1a: Persian|130\/334
|move|p1a: Persian|Hidden Power|p2a: #3
|-supereffective|p2a: #3
|-damage|p2a: #3|0 fnt
|faint|p2a: #3
|
|-heal|p1a: Persian|150\/334|[from] item: Leftovers
|upkeep
|c|☆LT44C Kebab|avevo lui
|choice||switch 4
|
|switch|p2a: #4|Tapu Lele|281\/281
|-damage|p2a: #4|246\/281|[from] Stealth Rock
|-fieldstart|move: Psychic Terrain|[from] ability: Psychic Surge|[of] p2a: #4
|turn|14
|c| tricking|eh
|J|censer abuser 02
|c| tricking|mi sa di sì
|choice|move partingshot|move moonblast
|
|move|p2a: #4|Moonblast|p1a: Persian
|-supereffective|p1a: Persian
|-crit|p1a: Persian
|-damage|p1a: Persian|0 fnt
|faint|p1a: Persian
|
|upkeep
|c| tricking|comunque ha potenziale
|choice|switch 3|
|
|switch|p1a: Lucario|Lucario, M|281\/281
|-damage|p1a: Lucario|273\/281|[from] Stealth Rock
|-activate|p1a: Lucario|move: Sticky Web
|-unboost|p1a: Lucario|spe|1
|turn|15
|c| H.M.N.I.P|Luc
|L|censer abuser 02
|c| tricking|sto team.
|c| H.M.N.I.P|La tanka 1
|J|1e chan
|c|☆LT44C Kebab|non ho la steel
|c| H.M.N.I.P|miao
|choice|move earthquake|move moonblast
|
|move|p2a: #4|Moonblast|p1a: Lucario
|-damage|p1a: Lucario|35\/281
|-unboost|p1a: Lucario|spa|1
|move|p1a: Lucario|Earthquake|p2a: #4
|-damage|p2a: #4|81\/281
|-damage|p1a: Lucario|7\/281|[from] item: Life Orb
|
|upkeep
|turn|16
|c|☆LT44C Kebab|gg
|c| H.M.N.I.P|COSA
|l|tricking
|c|☆LT45B Ursa|gg
|c| JCIS17|lol
|l|H.M.N.I.P
|-message|LT44C Kebab forfeited.
|
|win|LT45B Ursa
|l|LT44C Kebab
|l|JCIS17
|raw|LT44C Kebab's rating: 1838 &rarr; <strong>1814<\/strong><br \/>(-24 for losing)
|raw|LT45B Ursa's rating: 1757 &rarr; <strong>1782<\/strong><br \/>(+25 for winning)
|l|Ninetales Dragons</script>
</div>
<div class="battle-log battle-log-inline"><div class="inner"><div class="battle-options"></div><div class="inner"><div class="chat"><small>LT44C Kebab joined.</small></div><div class="chat"><small>LT45B Ursa joined.</small></div><div class=""><small>Format:</small> <br><strong>[Gen 7] OU</strong></div><div class="rated"><strong>Rated battle</strong></div><div class=""><small><em>Sleep Clause Mod:</em> Limit one foe put to sleep</small></div><div class=""><small><em>Species Clause:</em> Limit one of each Pokémon</small></div><div class=""><small><em>OHKO Clause:</em> OHKO moves are banned</small></div><div class=""><small><em>Moody Clause:</em> Moody is banned</small></div><div class=""><small><em>Evasion Moves Clause:</em> Evasion moves are banned</small></div><div class=""><small><em>Endless Battle Clause:</em> Forcing endless battles is banned</small></div><div class=""><small><em>HP Percentage Mod:</em> HP is shown in percentages</small></div><div class="chat battle-history"><strong>LT44C Kebab's team:</strong> <em style="color:#445566;display:block;">Persian-Alola / Talonflame / Lucario / Venusaur / Azelf / Mimikyu</em></div><div class="chat battle-history"><strong>LT45B Ursa's team:</strong> <em style="color:#445566;display:block;">Smeargle / Charizard / Zygarde / Tapu Lele / Gengar / Kartana</em></div><div class="chat"><small>unk@JPN joined.</small></div><div class="chat"><small>JCIS17 joined.</small></div><div class="chat"><small>tricking joined.</small></div><div class="chat"><small>Ninetales Dragons joined.</small></div><div class="spacer battle-history"><br></div><div class="battle-history">Battle started between LT44C Kebab and LT45B Ursa!<br></div><div class="spacer battle-history"><br></div><div class="battle-history">Go! <strong>Azelf</strong>!<br></div><div class="spacer battle-history"><br></div><div class="battle-history">LT45B Ursa sent out #1 (<strong>Smeargle</strong>)!<br></div><div class="spacer battle-history"><br></div><h2 class="battle-history">Turn 1</h2><div class="chat"><small>H.M.N.I.P joined.</small></div><div class="spacer battle-history"><br></div><div class="battle-history">The opposing #1 used <strong>Magic Coat</strong>!<br></div><div class="battle-history"><small>The opposing #1 shrouded itself with Magic Coat!</small><br></div><div class="spacer battle-history"><br></div><div class="battle-history">Azelf used <strong>Taunt</strong>!<br></div><div class="spacer battle-history"><br></div><div class="battle-history">The opposing #1 bounced the Taunt back!<br></div><div class="battle-history"><small>Azelf fell for the taunt!</small><br></div><div class="spacer battle-history"><br></div><h2 class="battle-history">Turn 2</h2><div class="chat chatmessage-hmnip"><strong style="color:hsl(87,76%,36.57302027890302%)"><small> </small><span class="username" data-name="H.M.N.I.P">H.M.N.I.P</span>:</strong> <em>Che team è</em></div><div class="chat chatmessage-tricking"><strong style="color:hsl(231,54%,58.848113728944526%)"><small> </small><span class="username" data-name="tricking">tricking</span>:</strong> <em>gli ho detto</em></div><div class="chat chatmessage-tricking"><strong style="color:hsl(231,54%,58.848113728944526%)"><small> </small><span class="username" data-name="tricking">tricking</span>:</strong> <em>di usare</em></div><div class="chat chatmessage-tricking"><strong style="color:hsl(231,54%,58.848113728944526%)"><small> </small><span class="username" data-name="tricking">tricking</span>:</strong> <em>il gatto fugace.</em></div><div class="chat chatmessage-hmnip"><strong style="color:hsl(87,76%,36.57302027890302%)"><small> </small><span class="username" data-name="H.M.N.I.P">H.M.N.I.P</span>:</strong> <em>LOL</em></div><div class="spacer battle-history"><br></div><div class="battle-history">Azelf, come back!<br></div><div class="battle-history">Go! <strong>Venusaur</strong>!<br></div><div class="spacer battle-history"><br></div><div class="battle-history">The opposing #1 used <strong>Stealth Rock</strong>!<br></div><div class="battle-history"><small>Pointed stones float in the air around your team!</small><br></div><div class="spacer battle-history"><br></div><h2 class="battle-history">Turn 3</h2><div class="spacer battle-history"><br></div><div class="battle-history"><small>Venusaur's Venusaurite is reacting to the Key Stone!</small><br>Venusaur has Mega Evolved into Mega Venusaur!<br></div><div class="spacer battle-history"><br></div><div class="battle-history">The opposing #1 used <strong>Sticky Web</strong>!<br></div><div class="battle-history"><small>A sticky web spreads out on the ground around your team!</small><br></div><div class="spacer battle-history"><br></div><div class="battle-history">Venusaur used <strong>Sludge Bomb</strong>!<br></div><div class="battle-history"><small>The opposing #1 hung on using its Focus Sash!</small><br></div><div class="battle-history"><small>(The opposing #1 lost <abbr title="−313/314">99.7%</abbr> of its health!)</small><br></div><div class="battle-history"><small>The opposing #1 was poisoned!</small><br></div><div class="spacer battle-history"><br></div><div class="battle-history"><small>The opposing #1 was hurt by poison!</small><br></div><div class="spacer battle-history"><br></div><div class="battle-history">The opposing #1 fainted!<br></div><div class="spacer battle-history"><br></div><div class="battle-history">LT45B Ursa sent out #2 (<strong>Charizard</strong>)!<br></div><div class="spacer battle-history"><br></div><h2 class="battle-history">Turn 4</h2><div class="chat chatmessage-hmnip"><strong style="color:hsl(87,76%,36.57302027890302%)"><small> </small><span class="username" data-name="H.M.N.I.P">H.M.N.I.P</span>:</strong> <em>Scusa ma</em></div><div class="chat chatmessage-hmnip"><strong style="color:hsl(87,76%,36.57302027890302%)"><small> </small><span class="username" data-name="H.M.N.I.P">H.M.N.I.P</span>:</strong> <em>Le hazard</em></div><div class="chat chatmessage-hmnip"><strong style="color:hsl(87,76%,36.57302027890302%)"><small> </small><span class="username" data-name="H.M.N.I.P">H.M.N.I.P</span>:</strong> <em>Come le levi?</em></div><div class="chat chatmessage-lt44ckebab"><strong style="color:hsl(105,87%,35.06298879508811%)"><small>☆</small><span class="username" data-name="LT44C Kebab">LT44C Kebab</span>:</strong> <em>non le levo</em></div><div class="chat chatmessage-lt44ckebab"><strong style="color:hsl(105,87%,35.06298879508811%)"><small>☆</small><span class="username" data-name="LT44C Kebab">LT44C Kebab</span>:</strong> <em>ez</em></div><div class="chat chatmessage-tricking"><strong style="color:hsl(231,54%,58.848113728944526%)"><small> </small><span class="username" data-name="tricking">tricking</span>:</strong> <em>ma sono</em></div><div class="chat chatmessage-tricking"><strong style="color:hsl(231,54%,58.848113728944526%)"><small> </small><span class="username" data-name="tricking">tricking</span>:</strong> <em>bellissime</em></div><div class="spacer battle-history"><br></div><div class="battle-history"><small>The opposing #2's Charizardite X is reacting to the Key Stone!</small><br>The opposing #2 has Mega Evolved into Mega Charizard!<br></div><div class="spacer battle-history"><br></div><div class="battle-history">The opposing #2 used <strong>Dragon Dance</strong>!<br></div><div class="battle-history"><small>The opposing #2's Attack rose!</small><br></div><div class="battle-history"><small>The opposing #2's Speed rose!</small><br></div><div class="spacer battle-history"><br></div><div class="battle-history">Venusaur used <strong>Sludge Bomb</strong>!<br></div><div class="battle-history"><small>(The opposing #2 lost <abbr title="−204/297">68.7%</abbr> of its health!)</small><br></div><div class="spacer battle-history"><br></div><h2 class="battle-history">Turn 5</h2><div class="chat chatmessage-tricking"><strong style="color:hsl(231,54%,58.848113728944526%)"><small> </small><span class="username" data-name="tricking">tricking</span>:</strong> <em>cazzo le levi</em></div><div class="chat chatmessage-tricking"><strong style="color:hsl(231,54%,58.848113728944526%)"><small> </small><span class="username" data-name="tricking">tricking</span>:</strong> <em>a fare</em></div><div class="chat chatmessage-tricking"><strong style="color:hsl(231,54%,58.848113728944526%)"><small> </small><span class="username" data-name="tricking">tricking</span>:</strong> <em>non capisci una mazza hmnip.</em></div><div class="spacer battle-history"><br></div><div class="battle-history">The opposing #2 used <strong>Flare Blitz</strong>!<br></div><div class="battle-history"><small>It's super effective!</small><br></div><div class="battle-history"><small>(Venusaur lost <abbr title="−354/354">100%</abbr> of its health!)</small><br></div><div class="battle-history"><small>The opposing #2 is damaged by the recoil!</small><br></div><div class="spacer battle-history"><br></div><div class="battle-history">Venusaur fainted!<br></div><div class="battle-history">The opposing #2 fainted!<br></div><div class="spacer battle-history"><br></div><div class="battle-history">Go! <strong>Azelf</strong>!<br></div><div class="spacer battle-history"><br></div><div class="battle-history">LT45B Ursa sent out #5 (<strong>Gengar</strong>)!<br></div><div class="battle-history"><small>Pointed stones dug into Azelf!</small><br></div><div class="spacer battle-history"><br></div><h2 class="battle-history">Turn 6</h2><div class="chat chatmessage-ninetalesdragons"><strong style="color:hsl(69,53%,40.81966563335491%)"><small> </small><span class="username" data-name="Ninetales Dragons">Ninetales Dragons</span>:</strong> <em>Ah yes, Charizard was the best choice for Mega Venusaur.</em></div><div class="chat chatmessage-hmnip"><strong style="color:hsl(87,76%,36.57302027890302%)"><small> </small><span class="username" data-name="H.M.N.I.P">H.M.N.I.P</span>:</strong> <em>Magari perché</em></div><div class="chat chatmessage-hmnip"><strong style="color:hsl(87,76%,36.57302027890302%)"><small> </small><span class="username" data-name="H.M.N.I.P">H.M.N.I.P</span>:</strong> <em>Hai Talonflame</em></div><div class="spacer battle-history"><br></div><div class="battle-history">Azelf used <strong>Stealth Rock</strong>!<br></div><div class="battle-history"><small>Pointed stones float in the air around the opposing team!</small><br></div><div class="spacer battle-history"><br></div><div class="battle-history">The opposing #5 used <strong>Shadow Ball</strong>!<br></div><div class="battle-history"><small>It's super effective!</small><br></div><div class="battle-history"><small>(Azelf lost <abbr title="−255/291">87.6%</abbr> of its health!)</small><br></div><div class="battle-history"><small>The opposing #5 lost some of its HP!</small><br></div><div class="spacer battle-history"><br></div><div class="battle-history">Azelf fainted!<br></div><div class="chat chatmessage-hmnip"><strong style="color:hsl(87,76%,36.57302027890302%)"><small> </small><span class="username" data-name="H.M.N.I.P">H.M.N.I.P</span>:</strong> <em>Con Gay wings</em></div><div class="chat chatmessage-hmnip"><strong style="color:hsl(87,76%,36.57302027890302%)"><small> </small><span class="username" data-name="H.M.N.I.P">H.M.N.I.P</span>:</strong> <em>Che funge solo</em></div><div class="chat chatmessage-hmnip"><strong style="color:hsl(87,76%,36.57302027890302%)"><small> </small><span class="username" data-name="H.M.N.I.P">H.M.N.I.P</span>:</strong> <em>A 100%</em></div><div class="chat chatmessage-tricking"><strong style="color:hsl(231,54%,58.848113728944526%)"><small> </small><span class="username" data-name="tricking">tricking</span>:</strong> <em>è ok</em></div><div class="chat chatmessage-lt44ckebab"><strong style="color:hsl(105,87%,35.06298879508811%)"><small>☆</small><span class="username" data-name="LT44C Kebab">LT44C Kebab</span>:</strong> <em>non ho gale wings</em></div><div class="chat chatmessage-tricking"><strong style="color:hsl(231,54%,58.848113728944526%)"><small> </small><span class="username" data-name="tricking">tricking</span>:</strong> <em>sweepa cmq</em></div><div class="chat chatmessage-lt44ckebab"><strong style="color:hsl(105,87%,35.06298879508811%)"><small>☆</small><span class="username" data-name="LT44C Kebab">LT44C Kebab</span>:</strong> <em>lol</em></div><div class="chat chatmessage-tricking"><strong style="color:hsl(231,54%,58.848113728944526%)"><small> </small><span class="username" data-name="tricking">tricking</span>:</strong> <em>lOL</em></div><div class="chat chatmessage-tricking"><strong style="color:hsl(231,54%,58.848113728944526%)"><small> </small><span class="username" data-name="tricking">tricking</span>:</strong> <em>ma daglielo</em></div><div class="chat chatmessage-hmnip"><strong style="color:hsl(87,76%,36.57302027890302%)"><small> </small><span class="username" data-name="H.M.N.I.P">H.M.N.I.P</span>:</strong> <em>LOOOL</em></div><div class="spacer battle-history"><br></div><div class="battle-history">Go! <strong>Mimikyu</strong>!<br></div><div class="battle-history"><small>Mimikyu was caught in a sticky web!</small><br></div><div class="battle-history"><small>Mimikyu's Speed fell!</small><br></div><div class="battle-history"><small>Pointed stones dug into Mimikyu!</small><br></div><div class="spacer battle-history"><br></div><h2 class="battle-history">Turn 7</h2><div class="chat chatmessage-ninetalesdragons"><strong style="color:hsl(69,53%,40.81966563335491%)"><small> </small><span class="username" data-name="Ninetales Dragons">Ninetales Dragons</span>:</strong> <em>Azelf is able to get up Stealth Rocks before fainting from the powerful Shadow Ball.</em></div><div class="chat"><small>lalala5050 joined.</small></div><div class="chat"><small>lalala5050 left.</small></div><div class="chat chatmessage-tricking"><strong style="color:hsl(231,54%,58.848113728944526%)"><small> </small><span class="username" data-name="tricking">tricking</span>:</strong> <em>Thanks for your imput</em></div><div class="chat chatmessage-tricking"><strong style="color:hsl(231,54%,58.848113728944526%)"><small> </small><span class="username" data-name="tricking">tricking</span>:</strong> <em>=)</em></div><div class="spacer battle-history"><br></div><div class="battle-history">The opposing #5 used <strong>Shadow Ball</strong>!<br></div><div class="battle-history"><small>[Mimikyu's Disguise]</small><br><small>Its disguise served it as a decoy!</small><br></div><div class="battle-history"><small>(Mimikyu lost <abbr title="0/251">0%</abbr> of its health!)</small><br></div><div class="battle-history">Mimikyu's disguise was busted!<br></div><div class="battle-history"><small>The opposing #5 lost some of its HP!</small><br></div><div class="spacer battle-history"><br></div><div class="battle-history">Mimikyu used <strong>Shadow Claw</strong>!<br></div><div class="battle-history"><small>It's super effective!</small><br></div><div class="battle-history"><small>(The opposing #5 lost <abbr title="−210/262">80.2%</abbr> of its health!)</small><br></div><div class="battle-history"><small>Mimikyu lost some of its HP!</small><br></div><div class="spacer battle-history"><br></div><div class="battle-history">The opposing #5 fainted!<br></div><div class="spacer battle-history"><br></div><div class="battle-history">LT45B Ursa sent out #6 (<strong>Kartana</strong>)!<br></div><div class="battle-history"><small>Pointed stones dug into the opposing #6!</small><br></div><div class="spacer battle-history"><br></div><h2 class="battle-history">Turn 8</h2><div class="chat chatmessage-tricking"><strong style="color:hsl(231,54%,58.848113728944526%)"><small> </small><span class="username" data-name="tricking">tricking</span>:</strong> <em>xk</em></div><div class="chat chatmessage-tricking"><strong style="color:hsl(231,54%,58.848113728944526%)"><small> </small><span class="username" data-name="tricking">tricking</span>:</strong> <em>non hai snikkato</em></div><div class="spacer battle-history"><br></div><div class="battle-history">The opposing #6 used <strong>Smart Strike</strong>!<br></div><div class="battle-history"><small>It's super effective!</small><br></div><div class="battle-history"><small>(Mimikyu lost <abbr title="−195/251">77.7%</abbr> of its health!)</small><br></div><div class="spacer battle-history"><br></div><div class="battle-history">Mimikyu fainted!<br></div><div class="battle-history"><small>[The opposing #6's Beast Boost]</small><br></div><div class="battle-history"><small>The opposing #6's Attack rose!</small><br></div><div class="chat chatmessage-tricking"><strong style="color:hsl(231,54%,58.848113728944526%)"><small> </small><span class="username" data-name="tricking">tricking</span>:</strong> <em>a stronzo.</em></div><div class="chat chatmessage-lt44ckebab"><strong style="color:hsl(105,87%,35.06298879508811%)"><small>☆</small><span class="username" data-name="LT44C Kebab">LT44C Kebab</span>:</strong> <em>percjé ho sbagliato natura</em></div><div class="chat chatmessage-tricking"><strong style="color:hsl(231,54%,58.848113728944526%)"><small> </small><span class="username" data-name="tricking">tricking</span>:</strong> <em>tutto a rotoli.</em></div><div class="chat chatmessage-hmnip"><strong style="color:hsl(87,76%,36.57302027890302%)"><small> </small><span class="username" data-name="H.M.N.I.P">H.M.N.I.P</span>:</strong> <em>vbb</em></div><div class="chat chatmessage-tricking"><strong style="color:hsl(231,54%,58.848113728944526%)"><small> </small><span class="username" data-name="tricking">tricking</span>:</strong> <em>comunque è il lead che non va bene,</em></div><div class="chat chatmessage-hmnip"><strong style="color:hsl(87,76%,36.57302027890302%)"><small> </small><span class="username" data-name="H.M.N.I.P">H.M.N.I.P</span>:</strong> <em>Talon +</em></div><div class="spacer battle-history"><br></div><div class="battle-history">Go! <strong>Talonflame</strong>!<br></div><div class="battle-history"><small>Pointed stones dug into Talonflame!</small><br></div><div class="spacer battle-history"><br></div><h2 class="battle-history">Turn 9</h2><div class="chat chatmessage-hmnip"><strong style="color:hsl(87,76%,36.57302027890302%)"><small> </small><span class="username" data-name="H.M.N.I.P">H.M.N.I.P</span>:</strong> <em>L'altro coso</em></div><div class="chat chatmessage-hmnip"><strong style="color:hsl(87,76%,36.57302027890302%)"><small> </small><span class="username" data-name="H.M.N.I.P">H.M.N.I.P</span>:</strong> <em>Vincono</em></div><div class="chat chatmessage-tricking"><strong style="color:hsl(231,54%,58.848113728944526%)"><small> </small><span class="username" data-name="tricking">tricking</span>:</strong> <em>no</em></div><div class="chat chatmessage-tricking"><strong style="color:hsl(231,54%,58.848113728944526%)"><small> </small><span class="username" data-name="tricking">tricking</span>:</strong> <em>lol</em></div><div class="chat chatmessage-ninetalesdragons"><strong style="color:hsl(69,53%,40.81966563335491%)"><small> </small><span class="username" data-name="Ninetales Dragons">Ninetales Dragons</span>:</strong> <em>Just like that, it's a 3-on-3!</em></div><div class="spacer battle-history"><br></div><div class="battle-history">LT45B Ursa withdrew #6!<br></div><div class="battle-history">LT45B Ursa sent out #3 (<strong>Zygarde</strong>)!<br></div><div class="battle-history"><small>Pointed stones dug into the opposing #3!</small><br></div><div class="battle-history"><small>[The opposing #3's Aura Break]</small><br><small>The opposing #3 reversed all other Pokémon's auras!</small><br></div><div class="spacer battle-history"><br></div><div class="battle-history">Talonflame used <strong>Roost</strong>!<br></div><div class="battle-history"><small>Talonflame restored its HP.</small><br></div><div class="spacer battle-history"><br></div><h2 class="battle-history">Turn 10</h2><div class="chat chatmessage-hmnip"><strong style="color:hsl(87,76%,36.57302027890302%)"><small> </small><span class="username" data-name="H.M.N.I.P">H.M.N.I.P</span>:</strong> <em>Come no</em></div><div class="chat chatmessage-tricking"><strong style="color:hsl(231,54%,58.848113728944526%)"><small> </small><span class="username" data-name="tricking">tricking</span>:</strong> <em>mado</em></div><div class="chat chatmessage-tricking"><strong style="color:hsl(231,54%,58.848113728944526%)"><small> </small><span class="username" data-name="tricking">tricking</span>:</strong> <em>se è bulky</em></div><div class="chat chatmessage-tricking"><strong style="color:hsl(231,54%,58.848113728944526%)"><small> </small><span class="username" data-name="tricking">tricking</span>:</strong> <em>ti amo kebabbaro</em></div><div class="chat chatmessage-hmnip"><strong style="color:hsl(87,76%,36.57302027890302%)"><small> </small><span class="username" data-name="H.M.N.I.P">H.M.N.I.P</span>:</strong> <em>WoW</em></div><div class="chat chatmessage-hmnip"><strong style="color:hsl(87,76%,36.57302027890302%)"><small> </small><span class="username" data-name="H.M.N.I.P">H.M.N.I.P</span>:</strong> <em>Qua</em></div><div class="spacer battle-history"><br></div><div class="battle-history">Talonflame used <strong>Swords Dance</strong>!<br></div><div class="battle-history"><small>Talonflame's Attack rose sharply!</small><br></div><div class="spacer battle-history"><br></div><div class="battle-history">The opposing #3 used <strong>Coil</strong>!<br></div><div class="battle-history"><small>The opposing #3's Attack rose!</small><br></div><div class="battle-history"><small>The opposing #3's Defense rose!</small><br></div><div class="battle-history"><small>The opposing #3's accuracy rose!</small><br></div><div class="spacer battle-history"><br></div><h2 class="battle-history">Turn 11</h2><div class="chat chatmessage-hmnip"><strong style="color:hsl(87,76%,36.57302027890302%)"><small> </small><span class="username" data-name="H.M.N.I.P">H.M.N.I.P</span>:</strong> <em>Ma Lele</em></div><div class="chat chatmessage-tricking"><strong style="color:hsl(231,54%,58.848113728944526%)"><small> </small><span class="username" data-name="tricking">tricking</span>:</strong> <em>stecca in arrivo</em></div><div class="spacer battle-history"><br></div><div class="battle-history"><small>Talonflame surrounded itself with its Z-Power!</small><br></div><div class="spacer battle-history"><br></div><div class="battle-history">Talonflame used <strong>Supersonic Skystrike</strong>!<br></div><div class="battle-history"><small>(The opposing #3 lost <abbr title="−273/397">68.8%</abbr> of its health!)</small><br></div><div class="spacer battle-history"><br></div><div class="battle-history">The opposing #3 used <strong>Thousand Arrows</strong>!<br></div><div class="battle-history"><small>(Talonflame lost <abbr title="−294/297">99.0%</abbr> of its health!)</small><br></div><div class="battle-history"><small>Talonflame fell straight down!</small><br></div><div class="spacer battle-history"><br></div><h2 class="battle-history">Turn 12</h2><div class="chat chatmessage-hmnip"><strong style="color:hsl(87,76%,36.57302027890302%)"><small> </small><span class="username" data-name="H.M.N.I.P">H.M.N.I.P</span>:</strong> <em>Lo considera</em></div><div class="chat chatmessage-tricking"><strong style="color:hsl(231,54%,58.848113728944526%)"><small> </small><span class="username" data-name="tricking">tricking</span>:</strong> <em>sì</em></div><div class="chat chatmessage-hmnip"><strong style="color:hsl(87,76%,36.57302027890302%)"><small> </small><span class="username" data-name="H.M.N.I.P">H.M.N.I.P</span>:</strong> <em>Priority</em></div><div class="chat chatmessage-hmnip"><strong style="color:hsl(87,76%,36.57302027890302%)"><small> </small><span class="username" data-name="H.M.N.I.P">H.M.N.I.P</span>:</strong> <em>'</em></div><div class="chat chatmessage-hmnip"><strong style="color:hsl(87,76%,36.57302027890302%)"><small> </small><span class="username" data-name="H.M.N.I.P">H.M.N.I.P</span>:</strong> <em>0*</em></div><div class="spacer battle-history"><br></div><div class="battle-history">The opposing #3 used <strong>Extreme Speed</strong>!<br></div><div class="battle-history"><small>(Talonflame lost <abbr title="−3/297">1.0%</abbr> of its health!)</small><br></div><div class="spacer battle-history"><br></div><div class="battle-history">Talonflame fainted!<br></div><div class="spacer battle-history"><br></div><div class="battle-history">Go! Persian (<strong>Persian-Alola</strong>)!<br></div><div class="battle-history"><small>Pointed stones dug into Persian!</small><br></div><div class="battle-history"><small>Persian was caught in a sticky web!</small><br></div><div class="battle-history"><small>Persian's Speed fell!</small><br></div><div class="spacer battle-history"><br></div><h2 class="battle-history">Turn 13</h2><div class="chat chatmessage-lt44ckebab"><strong style="color:hsl(105,87%,35.06298879508811%)"><small>☆</small><span class="username" data-name="LT44C Kebab">LT44C Kebab</span>:</strong> <em>a raga</em></div><div class="chat chatmessage-ninetalesdragons"><strong style="color:hsl(69,53%,40.81966563335491%)"><small> </small><span class="username" data-name="Ninetales Dragons">Ninetales Dragons</span>:</strong> <em>It's a Z-Move!</em></div><div class="chat chatmessage-lt44ckebab"><strong style="color:hsl(105,87%,35.06298879508811%)"><small>☆</small><span class="username" data-name="LT44C Kebab">LT44C Kebab</span>:</strong> <em>ma ho sbagliato</em></div><div class="chat chatmessage-lt44ckebab"><strong style="color:hsl(105,87%,35.06298879508811%)"><small>☆</small><span class="username" data-name="LT44C Kebab">LT44C Kebab</span>:</strong> <em>peccato</em></div><div class="spacer battle-history"><br></div><div class="battle-history">The opposing #3 used <strong>Thousand Arrows</strong>!<br></div><div class="battle-history"><small>(Persian lost <abbr title="−163/334">48.8%</abbr> of its health!)</small><br></div><div class="spacer battle-history"><br></div><div class="battle-history">Persian used <strong>Hidden Power</strong>!<br></div><div class="battle-history"><small>It's super effective!</small><br></div><div class="battle-history"><small>(The opposing #3 lost <abbr title="−100/397">25.2%</abbr> of its health!)</small><br></div><div class="spacer battle-history"><br></div><div class="battle-history">The opposing #3 fainted!<br></div><div class="spacer battle-history"><br></div><div class="battle-history"><small>Persian restored a little HP using its Leftovers!</small><br></div><div class="chat chatmessage-lt44ckebab"><strong style="color:hsl(105,87%,35.06298879508811%)"><small>☆</small><span class="username" data-name="LT44C Kebab">LT44C Kebab</span>:</strong> <em>avevo lui</em></div><div class="spacer battle-history"><br></div><div class="battle-history">LT45B Ursa sent out #4 (<strong>Tapu Lele</strong>)!<br></div><div class="battle-history"><small>Pointed stones dug into the opposing #4!</small><br></div><div class="battle-history"><small>[The opposing #4's Psychic Surge]</small><br><small>The battlefield got weird!</small><br></div><div class="spacer battle-history"><br></div><h2 class="battle-history">Turn 14</h2><div class="chat chatmessage-tricking"><strong style="color:hsl(231,54%,58.848113728944526%)"><small> </small><span class="username" data-name="tricking">tricking</span>:</strong> <em>eh</em></div><div class="chat chatmessage-tricking"><strong style="color:hsl(231,54%,58.848113728944526%)"><small> </small><span class="username" data-name="tricking">tricking</span>:</strong> <em>mi sa di sì</em></div><div class="spacer battle-history"><br></div><div class="battle-history">The opposing #4 used <strong>Moonblast</strong>!<br></div><div class="battle-history"><small>It's super effective!</small><br></div><div class="battle-history"><small>A critical hit!</small><br></div><div class="battle-history"><small>(Persian lost <abbr title="−150/334">44.9%</abbr> of its health!)</small><br></div><div class="spacer battle-history"><br></div><div class="battle-history">Persian fainted!<br></div><div class="chat chatmessage-tricking"><strong style="color:hsl(231,54%,58.848113728944526%)"><small> </small><span class="username" data-name="tricking">tricking</span>:</strong> <em>comunque ha potenziale</em></div><div class="spacer battle-history"><br></div><div class="battle-history">Go! <strong>Lucario</strong>!<br></div><div class="battle-history"><small>Pointed stones dug into Lucario!</small><br></div><div class="battle-history"><small>Lucario was caught in a sticky web!</small><br></div><div class="battle-history"><small>Lucario's Speed fell!</small><br></div><div class="spacer battle-history"><br></div><h2 class="battle-history">Turn 15</h2><div class="chat chatmessage-hmnip"><strong style="color:hsl(87,76%,36.57302027890302%)"><small> </small><span class="username" data-name="H.M.N.I.P">H.M.N.I.P</span>:</strong> <em>Luc</em></div><div class="chat chatmessage-tricking"><strong style="color:hsl(231,54%,58.848113728944526%)"><small> </small><span class="username" data-name="tricking">tricking</span>:</strong> <em>sto team.</em></div><div class="chat chatmessage-hmnip"><strong style="color:hsl(87,76%,36.57302027890302%)"><small> </small><span class="username" data-name="H.M.N.I.P">H.M.N.I.P</span>:</strong> <em>La tanka 1</em></div><div class="chat chatmessage-lt44ckebab"><strong style="color:hsl(105,87%,35.06298879508811%)"><small>☆</small><span class="username" data-name="LT44C Kebab">LT44C Kebab</span>:</strong> <em>non ho la steel</em></div><div class="chat chatmessage-hmnip"><strong style="color:hsl(87,76%,36.57302027890302%)"><small> </small><span class="username" data-name="H.M.N.I.P">H.M.N.I.P</span>:</strong> <em>miao</em></div><div class="spacer battle-history"><br></div><div class="battle-history">The opposing #4 used <strong>Moonblast</strong>!<br></div><div class="battle-history"><small>(Lucario lost <abbr title="−238/281">84.7%</abbr> of its health!)</small><br></div><div class="battle-history"><small>Lucario's Special Attack fell!</small><br></div><div class="spacer battle-history"><br></div><div class="battle-history">Lucario used <strong>Earthquake</strong>!<br></div><div class="battle-history"><small>(The opposing #4 lost <abbr title="−165/281">58.7%</abbr> of its health!)</small><br></div><div class="battle-history"><small>Lucario lost some of its HP!</small><br></div><div class="spacer battle-history"><br></div><h2 class="battle-history">Turn 16</h2><div class="chat chatmessage-lt44ckebab"><strong style="color:hsl(105,87%,35.06298879508811%)"><small>☆</small><span class="username" data-name="LT44C Kebab">LT44C Kebab</span>:</strong> <em>gg</em></div><div class="chat chatmessage-hmnip"><strong style="color:hsl(87,76%,36.57302027890302%)"><small> </small><span class="username" data-name="H.M.N.I.P">H.M.N.I.P</span>:</strong> <em>COSA</em></div><div class="chat"><small>tricking left.</small></div><div class="chat chatmessage-lt45bursa"><strong style="color:hsl(343,74%,48.09467796627388%)"><small>☆</small><span class="username" data-name="LT45B Ursa">LT45B Ursa</span>:</strong> <em>gg</em></div><div class="chat chatmessage-jcis17"><strong style="color:hsl(305,84%,43%)"><small> </small><span class="username" data-name="JCIS17">JCIS17</span>:</strong> <em>lol</em></div><div class="chat"><small>H.M.N.I.P left.</small></div><div class="spacer battle-history"><br></div><div class="battle-history"><small>LT44C Kebab forfeited.</small><br></div><div class="spacer battle-history"><br></div><div class="battle-history"><strong>LT45B Ursa</strong> won the battle!<br></div><div class="chat"><small>LT44C Kebab left.</small></div><div class="chat"><small>JCIS17 left.</small></div><div class="chat">LT44C Kebab's rating: 1838 → <strong>1814</strong><br>(-24 for losing)</div><div class="chat">LT45B Ursa's rating: 1757 → <strong>1782</strong><br>(+25 for winning)</div><div class="chat"><small>Ninetales Dragons left.</small></div></div><div class="inner-preempt"></div></div></div>
</div>
<script>
let daily = Math.floor(Date.now()/1000/60/60/24);document.write('<script src="https://play.pokemonshowdown.com/js/replay-embed.js?version'+daily+'"></'+'script>');
</script>
