<!DOCTYPE html>
<meta charset="utf-8" />
<!-- version 1 -->
<title>[Gen 7] OU replay: LT51NP Jyt vs. Lt51np Kickasser</title>
<style>
html,body {font-family:Verdana, sans-serif;font-size:10pt;margin:0;padding:0;}body{padding:12px 0;} .battle-log {font-family:Verdana, sans-serif;font-size:10pt;} .battle-log-inline {border:1px solid #AAAAAA;background:#EEF2F5;color:black;max-width:640px;margin:0 auto 80px;padding-bottom:5px;} .battle-log .inner {padding:4px 8px 0px 8px;} .battle-log .inner-preempt {padding:0 8px 4px 8px;} .battle-log .inner-after {margin-top:0.5em;} .battle-log h2 {margin:0.5em -8px;padding:4px 8px;border:1px solid #AAAAAA;background:#E0E7EA;border-left:0;border-right:0;font-family:Verdana, sans-serif;font-size:13pt;} .battle-log .chat {vertical-align:middle;padding:3px 0 3px 0;font-size:8pt;} .battle-log .chat strong {color:#40576A;} .battle-log .chat em {padding:1px 4px 1px 3px;color:#000000;font-style:normal;} .chat.mine {background:rgba(0,0,0,0.05);margin-left:-8px;margin-right:-8px;padding-left:8px;padding-right:8px;} .spoiler {color:#BBBBBB;background:#BBBBBB;padding:0px 3px;} .spoiler:hover, .spoiler:active, .spoiler-shown {color:#000000;background:#E2E2E2;padding:0px 3px;} .spoiler a {color:#BBBBBB;} .spoiler:hover a, .spoiler:active a, .spoiler-shown a {color:#2288CC;} .chat code, .chat .spoiler:hover code, .chat .spoiler:active code, .chat .spoiler-shown code {border:1px solid #C0C0C0;background:#EEEEEE;color:black;padding:0 2px;} .chat .spoiler code {border:1px solid #CCCCCC;background:#CCCCCC;color:#CCCCCC;} .battle-log .rated {padding:3px 4px;} .battle-log .rated strong {color:white;background:#89A;padding:1px 4px;border-radius:4px;} .spacer {margin-top:0.5em;} .message-announce {background:#6688AA;color:white;padding:1px 4px 2px;} .message-announce a, .broadcast-green a, .broadcast-blue a, .broadcast-red a {color:#DDEEFF;} .broadcast-green {background-color:#559955;color:white;padding:2px 4px;} .broadcast-blue {background-color:#6688AA;color:white;padding:2px 4px;} .infobox {border:1px solid #6688AA;padding:2px 4px;} .infobox-limited {max-height:200px;overflow:auto;overflow-x:hidden;} .broadcast-red {background-color:#AA5544;color:white;padding:2px 4px;} .message-learn-canlearn {font-weight:bold;color:#228822;text-decoration:underline;} .message-learn-cannotlearn {font-weight:bold;color:#CC2222;text-decoration:underline;} .message-effect-weak {font-weight:bold;color:#CC2222;} .message-effect-resist {font-weight:bold;color:#6688AA;} .message-effect-immune {font-weight:bold;color:#666666;} .message-learn-list {margin-top:0;margin-bottom:0;} .message-throttle-notice, .message-error {color:#992222;} .message-overflow, .chat small.message-overflow {font-size:0pt;} .message-overflow::before {font-size:9pt;content:'...';} .subtle {color:#3A4A66;}
</style>
<div class="wrapper replay-wrapper" style="max-width:1180px;margin:0 auto">
<input type="hidden" name="replayid" value="gen7ou-780757304" />
<div class="battle"></div><div class="battle-log"></div><div class="replay-controls"></div><div class="replay-controls-2"></div>
<h1 style="font-weight:normal;text-align:center"><strong>[Gen 7] OU</strong><br /><a href="http://pokemonshowdown.com/users/lt51npjyt" class="subtle" target="_blank">LT51NP Jyt</a> vs. <a href="http://pokemonshowdown.com/users/lt51npkickasser" class="subtle" target="_blank">Lt51np Kickasser</a></h1>
<script type="text/plain" class="battle-log-data">|j|☆LT51NP Jyt
|j|☆Lt51np Kickasser
|player|p1|LT51NP Jyt|137
|player|p2|Lt51np Kickasser|167
|teamsize|p1|6
|teamsize|p2|6
|gametype|singles
|gen|7
|tier|[Gen 7] OU
|rated|
|rule|Sleep Clause Mod: Limit one foe put to sleep
|rule|Species Clause: Limit one of each Pokémon
|rule|OHKO Clause: OHKO moves are banned
|rule|Moody Clause: Moody is banned
|rule|Evasion Moves Clause: Evasion moves are banned
|rule|Endless Battle Clause: Forcing endless battles is banned
|rule|HP Percentage Mod: HP is shown in percentages
|clearpoke
|poke|p1|Pelipper, M|item
|poke|p1|Kingdra, F|item
|poke|p1|Swampert, F|item
|poke|p1|Kartana|item
|poke|p1|Magearna|item
|poke|p1|Mimikyu, F|item
|poke|p2|Kartana|item
|poke|p2|Tyranitar, M|item
|poke|p2|Heatran, F|item
|poke|p2|Landorus-Therian, M|item
|poke|p2|Tornadus-Therian, M|item
|poke|p2|Tapu Bulu|item
|teampreview
|j| LT51NP Vessev
|j| whynohpicelando
|j| LT51NP Dixon
|j| xImRaptor
|l| whynohpicelando
|j| LT51NP Bdlc
|j| LT51NP IPF
|j| Gondra
|j|+Eternam
|j| Reverneth
|j| melancholy hills
|j| Baloor ☭
|
|start
|switch|p1a: Kartana|Kartana|100\/100
|switch|p2a: Tyranitar|Tyranitar, M|100\/100
|-weather|Sandstorm|[from] ability: Sand Stream|[of] p2a: Tyranitar
|turn|1
|j| wjs
|j| rotom's washed
|j| Sinead's Hairline
|j| lil blaine
|c| rotom's washed|not far now jyt
|j| egalvanc
|j| gustavoyay
|l| gustavoyay
|j| ufgg tryhard
|j| t'es une merde
|j| Exiline •••
|inactive|Battle timer is ON: inactive players will automatically lose when time's up. (requested by LT51NP Jyt)
|j| Bewhammer
|j| Bushido Black
|c|+Eternam|JYTDOOTBELL
|c|+Eternam|GO
|j| shinhow
|j| SweetPosho
|j| lt51np croo
|j|+Ciele
|j| lax (◠‿◠✿)
|
|switch|p2a: Tornadus|Tornadus-Therian, M|100\/100
|move|p1a: Kartana|Leaf Blade|p2a: Tornadus
|-resisted|p2a: Tornadus
|-damage|p2a: Tornadus|53\/100
|-damage|p1a: Kartana|84\/100|[from] item: Rocky Helmet|[of] p2a: Tornadus
|
|-weather|Sandstorm|[upkeep]
|-damage|p2a: Tornadus|47\/100|[from] Sandstorm
|upkeep
|turn|2
|l| t'es une merde
|j| Lycans
|j| zampz
|
|switch|p1a: Pelipper|Pelipper, M|100\/100
|-weather|RainDance|[from] ability: Drizzle|[of] p1a: Pelipper
|move|p2a: Tornadus|U-turn|p1a: Pelipper
|-resisted|p1a: Pelipper
|-damage|p1a: Pelipper|93\/100
|j| p2‽
|j| Celysi
|l| lil blaine
|j| Foggi
|j| liketearsinrain
|j| Genesis7
|c| Celysi|GO LES FUMER
|j| Japanize
|inactive|Lt51np Kickasser has 135 seconds left.
|j| pitches
|j| Askov ★
|l| egalvanc
|j| Igolt ☃
|inactive|Lt51np Kickasser has 120 seconds left.
|
|switch|p2a: Tyranitar|Tyranitar, M|100\/100
|-weather|Sandstorm|[from] ability: Sand Stream|[of] p2a: Tyranitar
|
|-weather|Sandstorm|[upkeep]
|-damage|p1a: Pelipper|87\/100|[from] Sandstorm
|upkeep
|turn|3
|
|switch|p1a: Kartana|Kartana|84\/100
|move|p2a: Tyranitar|Stealth Rock|p1a: Kartana
|-sidestart|p1: LT51NP Jyt|move: Stealth Rock
|
|-weather|Sandstorm|[upkeep]
|upkeep
|turn|4
|inactive|Lt51np Kickasser has 135 seconds left.
|l| Foggi
|l|☆Lt51np Kickasser
|inactive|Lt51np Kickasser disconnected and has a minute to reconnect!
|player|p2|
|j|+Leo
|inactive|Lt51np Kickasser has 20 seconds to reconnect!
|inactive|Lt51np Kickasser has 15 seconds to reconnect!
|c| Celysi|not like this
|inactive|Lt51np Kickasser has 10 seconds to reconnect!
|j| dcae
|inactive|Lt51np Kickasser has 5 seconds to reconnect!
|j|☆Lt51np Kickasser
|inactive|Lt51np Kickasser reconnected and has 75 seconds left.
|player|p2|Lt51np Kickasser|167
|c| Celysi|ouf
|
|switch|p2a: Tornadus|Tornadus-Therian, M|80\/100
|move|p1a: Kartana|Leaf Blade|p2a: Tornadus
|-resisted|p2a: Tornadus
|-damage|p2a: Tornadus|30\/100
|-damage|p1a: Kartana|67\/100|[from] item: Rocky Helmet|[of] p2a: Tornadus
|
|-weather|Sandstorm|[upkeep]
|-damage|p2a: Tornadus|24\/100|[from] Sandstorm
|upkeep
|turn|5
|
|switch|p1a: Magearna|Magearna|100\/100
|-damage|p1a: Magearna|94\/100|[from] Stealth Rock
|move|p2a: Tornadus|U-turn|p1a: Magearna
|-resisted|p1a: Magearna
|-damage|p1a: Magearna|92\/100
|j| EG ROOM 2011
|l| zampz
|inactive|Lt51np Kickasser has 135 seconds left.
|
|switch|p2a: Tyranitar|Tyranitar, M|100\/100
|
|-weather|Sandstorm|[upkeep]
|upkeep
|turn|6
|j| Light DN
|l|☆Lt51np Kickasser
|inactive|Lt51np Kickasser disconnected and has a minute to reconnect!
|player|p2|
|inactive|LT51NP Jyt has 135 seconds left.
|j|☆Lt51np Kickasser
|inactive|Lt51np Kickasser reconnected and has 130 seconds left.
|player|p2|Lt51np Kickasser|167
|inactive|LT51NP Jyt has 120 seconds left.
|
|switch|p1a: Swampert|Swampert, F|100\/100
|-damage|p1a: Swampert|94\/100|[from] Stealth Rock
|move|p2a: Tyranitar|Earthquake|p1a: Swampert
|-damage|p1a: Swampert|51\/100
|
|-weather|none
|upkeep
|turn|7
|inactive|Lt51np Kickasser has 120 seconds left.
|c| wjs|jyt
|inactive|Lt51np Kickasser has 105 seconds left.
|j|+shiloh
|inactive|Lt51np Kickasser has 90 seconds left.
|inactive|Lt51np Kickasser has 75 seconds left.
|l| wjs
|inactive|Lt51np Kickasser has 60 seconds left.
|
|switch|p2a: Tapu Bulu|Tapu Bulu|100\/100
|-fieldstart|move: Grassy Terrain|[from] ability: Grassy Surge|[of] p2a: Tapu Bulu
|detailschange|p1a: Swampert|Swampert-Mega, F
|-mega|p1a: Swampert|Swampert|Swampertite
|move|p1a: Swampert|Stealth Rock|p2a: Tapu Bulu
|-sidestart|p2: Lt51np Kickasser|move: Stealth Rock
|
|-heal|p1a: Swampert|57\/100|[from] Grassy Terrain
|upkeep
|turn|8
|
|switch|p1a: Kartana|Kartana|67\/100
|-damage|p1a: Kartana|61\/100|[from] Stealth Rock
|switch|p2a: Kartana|Kartana|100\/100
|-damage|p2a: Kartana|94\/100|[from] Stealth Rock
|
|-heal|p2a: Kartana|100\/100|[from] Grassy Terrain
|-heal|p1a: Kartana|67\/100|[from] Grassy Terrain
|upkeep
|turn|9
|
|switch|p2a: Tapu Bulu|Tapu Bulu|100\/100
|-damage|p2a: Tapu Bulu|88\/100|[from] Stealth Rock
|move|p1a: Kartana|Sacred Sword|p2a: Tapu Bulu
|-resisted|p2a: Tapu Bulu
|-damage|p2a: Tapu Bulu|62\/100
|
|-heal|p1a: Kartana|73\/100|[from] Grassy Terrain
|-heal|p2a: Tapu Bulu|68\/100|[from] item: Leftovers
|-heal|p2a: Tapu Bulu|74\/100|[from] Grassy Terrain
|upkeep
|turn|10
|
|switch|p1a: Magearna|Magearna|92\/100
|-damage|p1a: Magearna|86\/100|[from] Stealth Rock
|move|p2a: Tapu Bulu|Swords Dance|p2a: Tapu Bulu
|-boost|p2a: Tapu Bulu|atk|2
|
|-heal|p2a: Tapu Bulu|80\/100|[from] item: Leftovers
|-heal|p2a: Tapu Bulu|87\/100|[from] Grassy Terrain
|-heal|p1a: Magearna|92\/100|[from] Grassy Terrain
|upkeep
|turn|11
|j| Fluffeon
|l| Japanize
|c| rotom's washed|jyt u need more games
|inactive|Lt51np Kickasser has 75 seconds left.
|c|☆LT51NP Jyt|grabbing one
|
|move|p2a: Tapu Bulu|Horn Leech|p1a: Magearna
|-resisted|p1a: Magearna
|-damage|p1a: Magearna|50\/100
|-heal|p2a: Tapu Bulu|100\/100|[from] drain|[of] p1a: Magearna
|move|p1a: Magearna|Volt Switch|p2a: Tapu Bulu
|-resisted|p2a: Tapu Bulu
|-damage|p2a: Tapu Bulu|92\/100
|j| egalvanc
|
|switch|p1a: Kartana|Kartana|73\/100
|-damage|p1a: Kartana|67\/100|[from] Stealth Rock
|
|-heal|p1a: Kartana|73\/100|[from] Grassy Terrain
|-heal|p2a: Tapu Bulu|98\/100|[from] item: Leftovers
|-heal|p2a: Tapu Bulu|100\/100|[from] Grassy Terrain
|-fieldend|move: Grassy Terrain
|upkeep
|turn|12
|inactive|Lt51np Kickasser has 75 seconds left.
|l|+shiloh
|
|move|p2a: Tapu Bulu|Protect|p2a: Tapu Bulu
|-singleturn|p2a: Tapu Bulu|Protect
|move|p1a: Kartana|Smart Strike|p2a: Tapu Bulu
|-activate|p2a: Tapu Bulu|move: Protect
|
|upkeep
|turn|13
|
|switch|p1a: Pelipper|Pelipper, M|87\/100
|-damage|p1a: Pelipper|62\/100|[from] Stealth Rock
|-weather|RainDance|[from] ability: Drizzle|[of] p1a: Pelipper
|switch|p2a: Kartana|Kartana|100\/100
|-damage|p2a: Kartana|94\/100|[from] Stealth Rock
|
|-weather|RainDance|[upkeep]
|upkeep
|turn|14
|inactive|Lt51np Kickasser has 75 seconds left.
|
|move|p2a: Kartana|Substitute|p2a: Kartana
|-start|p2a: Kartana|Substitute
|-damage|p2a: Kartana|70\/100
|move|p1a: Pelipper|Hurricane|p2a: Kartana
|-end|p2a: Kartana|Substitute
|
|-weather|RainDance|[upkeep]
|upkeep
|turn|15
|inactive|Lt51np Kickasser has 75 seconds left.
|inactive|LT51NP Jyt has 135 seconds left.
|l| liketearsinrain
|j| Jase Duken
|inactive|LT51NP Jyt has 120 seconds left.
|
|switch|p1a: Kartana|Kartana|73\/100
|-damage|p1a: Kartana|67\/100|[from] Stealth Rock
|move|p2a: Kartana|Substitute|p2a: Kartana
|-start|p2a: Kartana|Substitute
|-damage|p2a: Kartana|45\/100
|
|-weather|RainDance|[upkeep]
|upkeep
|turn|16
|inactive|Lt51np Kickasser has 75 seconds left.
|n| The Hallows.|rotomswashed
|
|move|p2a: Kartana|Sacred Sword|p1a: Kartana
|-supereffective|p1a: Kartana
|-damage|p1a: Kartana|0 fnt
|faint|p1a: Kartana
|-ability|p2a: Kartana|Beast Boost|boost
|-boost|p2a: Kartana|atk|1
|
|-weather|RainDance|[upkeep]
|upkeep
|l| lt51np croo
|
|switch|p1a: Kingdra|Kingdra, F|100\/100
|-damage|p1a: Kingdra|88\/100|[from] Stealth Rock
|turn|17
|j| Empo
|
|move|p1a: Kingdra|Surf|p2a: Kartana
|-resisted|p2a: Kartana
|-end|p2a: Kartana|Substitute
|move|p2a: Kartana|Leaf Blade|p1a: Kingdra
|-damage|p1a: Kingdra|0 fnt
|faint|p1a: Kingdra
|-ability|p2a: Kartana|Beast Boost|boost
|-boost|p2a: Kartana|atk|1
|
|-weather|RainDance|[upkeep]
|upkeep
|
|switch|p1a: Swampert|Swampert-Mega, F|57\/100
|-damage|p1a: Swampert|51\/100|[from] Stealth Rock
|turn|18
|inactive|Lt51np Kickasser has 90 seconds left.
|l| lax (◠‿◠✿)
|inactive|Lt51np Kickasser has 75 seconds left.
|l| Lycans
|inactive|Lt51np Kickasser has 60 seconds left.
|inactive|Lt51np Kickasser has 45 seconds left.
|
|switch|p2a: Tornadus|Tornadus-Therian, M|57\/100
|-damage|p2a: Tornadus|32\/100|[from] Stealth Rock
|move|p1a: Swampert|Earthquake|p2a: Tornadus
|-immune|p2a: Tornadus|[msg]
|
|-weather|RainDance|[upkeep]
|upkeep
|turn|19
|
|move|p1a: Swampert|Waterfall|p2a: Tornadus
|-damage|p2a: Tornadus|0 fnt
|-damage|p1a: Swampert|35\/100|[from] item: Rocky Helmet|[of] p2a: Tornadus
|faint|p2a: Tornadus
|
|-weather|RainDance|[upkeep]
|upkeep
|l| egalvanc
|inactive|Lt51np Kickasser has 45 seconds left.
|l| SweetPosho
|inactive|Lt51np Kickasser has 30 seconds left.
|j| tsmugs
|inactive|Lt51np Kickasser has 20 seconds left.
|
|switch|p2a: Tapu Bulu|Tapu Bulu|100\/100
|-damage|p2a: Tapu Bulu|88\/100|[from] Stealth Rock
|-fieldstart|move: Grassy Terrain|[from] ability: Grassy Surge|[of] p2a: Tapu Bulu
|turn|20
|j| LT51NP MAC
|j| insult
|inactive|LT51NP Jyt has 135 seconds left.
|
|switch|p1a: Magearna|Magearna|50\/100
|-damage|p1a: Magearna|44\/100|[from] Stealth Rock
|move|p2a: Tapu Bulu|Horn Leech|p1a: Magearna
|-resisted|p1a: Magearna
|-damage|p1a: Magearna|25\/100
|-heal|p2a: Tapu Bulu|98\/100|[from] drain|[of] p1a: Magearna
|
|-weather|none
|-heal|p2a: Tapu Bulu|100\/100|[from] item: Leftovers
|-heal|p1a: Magearna|31\/100|[from] Grassy Terrain
|upkeep
|turn|21
|inactive|Lt51np Kickasser has 30 seconds left.
|inactive|Lt51np Kickasser has 20 seconds left.
|inactive|Lt51np Kickasser has 15 seconds left.
|
|switch|p2a: Heatran|Heatran, F|100\/100
|-damage|p2a: Heatran|88\/100|[from] Stealth Rock
|move|p1a: Magearna|Volt Switch|p2a: Heatran
|-damage|p2a: Heatran|75\/100
|
|switch|p1a: Pelipper|Pelipper, M|62\/100
|-damage|p1a: Pelipper|38\/100|[from] Stealth Rock
|-weather|RainDance|[from] ability: Drizzle|[of] p1a: Pelipper
|
|-weather|RainDance|[upkeep]
|-heal|p2a: Heatran|81\/100|[from] item: Leftovers
|-heal|p2a: Heatran|87\/100|[from] Grassy Terrain
|upkeep
|turn|22
|inactive|Lt51np Kickasser has 30 seconds left.
|inactive|Lt51np Kickasser has 20 seconds left.
|l| shinhow
|inactive|Lt51np Kickasser has 15 seconds left.
|inactive|Lt51np Kickasser has 10 seconds left.
|l| Bushido Black
|inactive|Lt51np Kickasser has 5 seconds left.
|-message|Lt51np Kickasser lost due to inactivity.
|
|win|LT51NP Jyt
|c| pitches|0
|raw|LT51NP Jyt's rating: 2080 &rarr; <strong>2099<\/strong><br \/>(+19 for winning)
|raw|Lt51np Kickasser's rating: 2066 &rarr; <strong>2047<\/strong><br \/>(-19 for losing)
|l| Genesis7
|l|+Eternam
|l| Baloor ☭
|l| Bewhammer
|l| Jase Duken
|l| The Hallows.
|l|☆Lt51np Kickasser
|j| Ayoukoo
|l| ufgg tryhard
|l| pitches
|l| LT51NP MAC
|l|☆LT51NP Jyt
|l| tsmugs
|l|+Leo
|l| Celysi
|l| Ayoukoo
|l| p2‽
|l| Igolt ☃
|l| Empo
|l| Light DN
|l| Exiline •••
|l| LT51NP IPF
|l| LT51NP Dixon
|l| xImRaptor
|l|+Ciele
|l| Sinead's Hairline
|j| wjs
|l| melancholy hills
|l| Reverneth
|l| insult
|l| Askov ★
|l| Gondra
|l| dcae
|l| LT51NP Bdlc
</script>
</div>
<div class="battle-log battle-log-inline"><div class="inner"><div class="battle-options"></div><div class="inner"><div class="chat"><small>☆LT51NP Jyt joined.</small></div><div class="chat"><small>☆Lt51np Kickasser joined.</small></div><div class=""><small>Format:</small> <br><strong>[Gen 7] OU</strong></div><div class="rated"><strong>Rated battle</strong></div><div class=""><small><em>Sleep Clause Mod:</em> Limit one foe put to sleep</small></div><div class=""><small><em>Species Clause:</em> Limit one of each Pokémon</small></div><div class=""><small><em>OHKO Clause:</em> OHKO moves are banned</small></div><div class=""><small><em>Moody Clause:</em> Moody is banned</small></div><div class=""><small><em>Evasion Moves Clause:</em> Evasion moves are banned</small></div><div class=""><small><em>Endless Battle Clause:</em> Forcing endless battles is banned</small></div><div class=""><small><em>HP Percentage Mod:</em> HP is shown in percentages</small></div><div class="chat battle-history"><strong>LT51NP Jyt's team:</strong> <em style="color:#445566;display:block;">Pelipper / Kingdra / Swampert / Kartana / Magearna / Mimikyu</em></div><div class="chat battle-history"><strong>Lt51np Kickasser's team:</strong> <em style="color:#445566;display:block;">Kartana / Tyranitar / Heatran / Landorus-Therian / Tornadus-Therian / Tapu Bulu</em></div><div class="chat"><small> LT51NP Vessev joined.</small></div><div class="chat"><small> whynohpicelando joined.</small></div><div class="chat"><small> LT51NP Dixon joined.</small></div><div class="chat"><small> xImRaptor joined.</small></div><div class="chat"><small> whynohpicelando left.</small></div><div class="chat"><small> LT51NP Bdlc joined.</small></div><div class="chat"><small> LT51NP IPF joined.</small></div><div class="chat"><small> Gondra joined.</small></div><div class="chat"><small>+Eternam joined.</small></div><div class="chat"><small> Reverneth joined.</small></div><div class="chat"><small> melancholy hills joined.</small></div><div class="chat"><small> Baloor ☭ joined.</small></div><div class="spacer battle-history"><br></div><div class="battle-history">Battle started between LT51NP Jyt and Lt51np Kickasser!<br></div><div class="spacer battle-history"><br></div><div class="battle-history">Go! <strong>Kartana</strong>!<br></div><div class="spacer battle-history"><br></div><div class="battle-history">Lt51np Kickasser sent out <strong>Tyranitar</strong>!<br></div><div class="battle-history"><small>[The opposing Tyranitar's Sand Stream]</small><br><small>A sandstorm kicked up!</small><br></div><div class="spacer battle-history"><br></div><h2 class="battle-history">Turn 1</h2><div class="chat"><small> wjs joined.</small></div><div class="chat"><small> rotom's washed joined.</small></div><div class="chat"><small> Sinead's Hairline joined.</small></div><div class="chat"><small> lil blaine joined.</small></div><div class="chat chatmessage-rotomswashed"><strong style="color:hsl(71,77%,35.18062828388968%);"><small> </small><span class="username" data-name="rotom's washed">rotom's washed</span>:</strong> <em>not far now jyt</em></div><div class="chat"><small> egalvanc joined.</small></div><div class="chat"><small> gustavoyay joined.</small></div><div class="chat"><small> gustavoyay left.</small></div><div class="chat"><small> ufgg tryhard joined.</small></div><div class="chat"><small> t'es une merde joined.</small></div><div class="chat"><small> Exiline ••• joined.</small></div><div class="chat message-error">Battle timer is ON: inactive players will automatically lose when time's up. (requested by LT51NP Jyt)</div><div class="chat"><small> Bewhammer joined.</small></div><div class="chat"><small> Bushido Black joined.</small></div><div class="chat chatmessage-eternam"><strong style="color:hsl(16,88%,42.840897784560575%);"><small>+</small><span class="username" data-name="Eternam">Eternam</span>:</strong> <em>JYTDOOTBELL</em></div><div class="chat chatmessage-eternam"><strong style="color:hsl(16,88%,42.840897784560575%);"><small>+</small><span class="username" data-name="Eternam">Eternam</span>:</strong> <em>GO</em></div><div class="chat"><small> shinhow joined.</small></div><div class="chat"><small> SweetPosho joined.</small></div><div class="chat"><small> lt51np croo joined.</small></div><div class="chat"><small>+Ciele joined.</small></div><div class="chat"><small> lax (◠‿◠✿) joined.</small></div><div class="spacer battle-history"><br></div><div class="battle-history">Lt51np Kickasser withdrew Tyranitar!<br></div><div class="battle-history">Lt51np Kickasser sent out Tornadus (<strong>Tornadus-Therian</strong>)!<br></div><div class="spacer battle-history"><br></div><div class="battle-history">Kartana used <strong>Leaf Blade</strong>!<br></div><div class="battle-history"><small>It's not very effective...</small><br></div><div class="battle-history"><small>(The opposing Tornadus lost 47% of its health!)</small><br></div><div class="battle-history"><small>Kartana was hurt by the Rocky Helmet!</small><br></div><div class="spacer battle-history"><br></div><div class="battle-history"><small>The sandstorm is raging.</small><br></div><div class="battle-history"><small>The opposing Tornadus is buffeted by the sandstorm!</small><br></div><div class="spacer battle-history"><br></div><h2 class="battle-history">Turn 2</h2><div class="chat"><small> t'es une merde left.</small></div><div class="chat"><small> Lycans joined.</small></div><div class="chat"><small> zampz joined.</small></div><div class="spacer battle-history"><br></div><div class="battle-history">Kartana, come back!<br></div><div class="battle-history">Go! <strong>Pelipper</strong>!<br></div><div class="battle-history"><small>[Pelipper's Drizzle]</small><br><small>It started to rain!</small><br></div><div class="spacer battle-history"><br></div><div class="battle-history">The opposing Tornadus used <strong>U-turn</strong>!<br></div><div class="battle-history"><small>It's not very effective...</small><br></div><div class="battle-history"><small>(Pelipper lost 7% of its health!)</small><br></div><div class="chat"><small> p2‽ joined.</small></div><div class="chat"><small> Celysi joined.</small></div><div class="chat"><small> lil blaine left.</small></div><div class="chat"><small> Foggi joined.</small></div><div class="chat"><small> liketearsinrain joined.</small></div><div class="chat"><small> Genesis7 joined.</small></div><div class="chat chatmessage-celysi"><strong style="color:hsl(162,59%,39%);"><small> </small><span class="username" data-name="Celysi">Celysi</span>:</strong> <em>GO LES FUMER</em></div><div class="chat"><small> Japanize joined.</small></div><div class="chat message-error">Lt51np Kickasser has 135 seconds left.</div><div class="chat"><small> pitches joined.</small></div><div class="chat"><small> Askov ★ joined.</small></div><div class="chat"><small> egalvanc left.</small></div><div class="chat"><small> Igolt ☃ joined.</small></div><div class="chat message-error">Lt51np Kickasser has 120 seconds left.</div><div class="spacer battle-history"><br></div><div class="battle-history">The opposing Tornadus went back to Lt51np Kickasser!<br></div><div class="battle-history">Lt51np Kickasser sent out <strong>Tyranitar</strong>!<br></div><div class="battle-history"><small>[The opposing Tyranitar's Sand Stream]</small><br><small>A sandstorm kicked up!</small><br></div><div class="spacer battle-history"><br></div><div class="battle-history"><small>The sandstorm is raging.</small><br></div><div class="battle-history"><small>Pelipper is buffeted by the sandstorm!</small><br></div><div class="spacer battle-history"><br></div><h2 class="battle-history">Turn 3</h2><div class="spacer battle-history"><br></div><div class="battle-history">Pelipper, come back!<br></div><div class="battle-history">Go! <strong>Kartana</strong>!<br></div><div class="spacer battle-history"><br></div><div class="battle-history">The opposing Tyranitar used <strong>Stealth Rock</strong>!<br></div><div class="battle-history"><small>Pointed stones float in the air around your team!</small><br></div><div class="spacer battle-history"><br></div><div class="battle-history"><small>The sandstorm is raging.</small><br></div><div class="spacer battle-history"><br></div><h2 class="battle-history">Turn 4</h2><div class="chat message-error">Lt51np Kickasser has 135 seconds left.</div><div class="chat"><small> Foggi left.</small></div><div class="chat"><small>☆Lt51np Kickasser left.</small></div><div class="chat message-error">Lt51np Kickasser disconnected and has a minute to reconnect!</div><div class="chat"><small>+Leo joined.</small></div><div class="chat message-error">Lt51np Kickasser has 20 seconds to reconnect!</div><div class="chat message-error">Lt51np Kickasser has 15 seconds to reconnect!</div><div class="chat chatmessage-celysi"><strong style="color:hsl(162,59%,39%);"><small> </small><span class="username" data-name="Celysi">Celysi</span>:</strong> <em>not like this</em></div><div class="chat message-error">Lt51np Kickasser has 10 seconds to reconnect!</div><div class="chat"><small> dcae joined.</small></div><div class="chat message-error">Lt51np Kickasser has 5 seconds to reconnect!</div><div class="chat"><small>☆Lt51np Kickasser joined.</small></div><div class="chat message-error">Lt51np Kickasser reconnected and has 75 seconds left.</div><div class="chat chatmessage-celysi"><strong style="color:hsl(162,59%,39%);"><small> </small><span class="username" data-name="Celysi">Celysi</span>:</strong> <em>ouf</em></div><div class="spacer battle-history"><br></div><div class="battle-history">Lt51np Kickasser withdrew Tyranitar!<br></div><div class="battle-history">Lt51np Kickasser sent out Tornadus (<strong>Tornadus-Therian</strong>)!<br></div><div class="spacer battle-history"><br></div><div class="battle-history">Kartana used <strong>Leaf Blade</strong>!<br></div><div class="battle-history"><small>It's not very effective...</small><br></div><div class="battle-history"><small>(The opposing Tornadus lost 50% of its health!)</small><br></div><div class="battle-history"><small>Kartana was hurt by the Rocky Helmet!</small><br></div><div class="spacer battle-history"><br></div><div class="battle-history"><small>The sandstorm is raging.</small><br></div><div class="battle-history"><small>The opposing Tornadus is buffeted by the sandstorm!</small><br></div><div class="spacer battle-history"><br></div><h2 class="battle-history">Turn 5</h2><div class="spacer battle-history"><br></div><div class="battle-history">Kartana, come back!<br></div><div class="battle-history">Go! <strong>Magearna</strong>!<br></div><div class="battle-history"><small>Pointed stones dug into Magearna!</small><br></div><div class="spacer battle-history"><br></div><div class="battle-history">The opposing Tornadus used <strong>U-turn</strong>!<br></div><div class="battle-history"><small>It's not very effective...</small><br></div><div class="battle-history"><small>(Magearna lost 2% of its health!)</small><br></div><div class="chat"><small> EG ROOM 2011 joined.</small></div><div class="chat"><small> zampz left.</small></div><div class="chat message-error">Lt51np Kickasser has 135 seconds left.</div><div class="spacer battle-history"><br></div><div class="battle-history">The opposing Tornadus went back to Lt51np Kickasser!<br></div><div class="battle-history">Lt51np Kickasser sent out <strong>Tyranitar</strong>!<br></div><div class="spacer battle-history"><br></div><div class="battle-history"><small>The sandstorm is raging.</small><br></div><div class="spacer battle-history"><br></div><h2 class="battle-history">Turn 6</h2><div class="chat"><small> Light DN joined.</small></div><div class="chat"><small>☆Lt51np Kickasser left.</small></div><div class="chat message-error">Lt51np Kickasser disconnected and has a minute to reconnect!</div><div class="chat message-error">LT51NP Jyt has 135 seconds left.</div><div class="chat"><small>☆Lt51np Kickasser joined.</small></div><div class="chat message-error">Lt51np Kickasser reconnected and has 130 seconds left.</div><div class="chat message-error">LT51NP Jyt has 120 seconds left.</div><div class="spacer battle-history"><br></div><div class="battle-history">Magearna, come back!<br></div><div class="battle-history">Go! <strong>Swampert</strong>!<br></div><div class="battle-history"><small>Pointed stones dug into Swampert!</small><br></div><div class="spacer battle-history"><br></div><div class="battle-history">The opposing Tyranitar used <strong>Earthquake</strong>!<br></div><div class="battle-history"><small>(Swampert lost 43% of its health!)</small><br></div><div class="spacer battle-history"><br></div><div class="battle-history"><small>The sandstorm subsided.</small><br></div><div class="spacer battle-history"><br></div><h2 class="battle-history">Turn 7</h2><div class="chat message-error">Lt51np Kickasser has 120 seconds left.</div><div class="chat chatmessage-wjs"><strong style="color:hsl(283,85%,48.853799345722706%);"><small> </small><span class="username" data-name="wjs">wjs</span>:</strong> <em>jyt</em></div><div class="chat message-error">Lt51np Kickasser has 105 seconds left.</div><div class="chat"><small>+shiloh joined.</small></div><div class="chat message-error">Lt51np Kickasser has 90 seconds left.</div><div class="chat message-error">Lt51np Kickasser has 75 seconds left.</div><div class="chat"><small> wjs left.</small></div><div class="chat message-error">Lt51np Kickasser has 60 seconds left.</div><div class="spacer battle-history"><br></div><div class="battle-history">Lt51np Kickasser withdrew Tyranitar!<br></div><div class="battle-history">Lt51np Kickasser sent out <strong>Tapu Bulu</strong>!<br></div><div class="battle-history"><small>[The opposing Tapu Bulu's Grassy Surge]</small><br><small>Grass grew to cover the battlefield!</small><br></div><div class="spacer battle-history"><br></div><div class="battle-history"><small>Swampert's Swampertite is reacting to the Key Stone!</small><br>Swampert has Mega Evolved into Mega Swampert!<br></div><div class="spacer battle-history"><br></div><div class="battle-history">Swampert used <strong>Stealth Rock</strong>!<br></div><div class="battle-history"><small>Pointed stones float in the air around the opposing team!</small><br></div><div class="spacer battle-history"><br></div><div class="battle-history"><small>Swampert restored HP using its Grassy Terrain!</small><br></div><div class="spacer battle-history"><br></div><h2 class="battle-history">Turn 8</h2><div class="spacer battle-history"><br></div><div class="battle-history">Swampert, come back!<br></div><div class="battle-history">Go! <strong>Kartana</strong>!<br></div><div class="battle-history"><small>Pointed stones dug into Kartana!</small><br></div><div class="spacer battle-history"><br></div><div class="battle-history">Lt51np Kickasser withdrew Tapu Bulu!<br></div><div class="battle-history">Lt51np Kickasser sent out <strong>Kartana</strong>!<br></div><div class="battle-history"><small>Pointed stones dug into the opposing Kartana!</small><br></div><div class="spacer battle-history"><br></div><div class="battle-history"><small>The opposing Kartana restored HP using its Grassy Terrain!</small><br></div><div class="battle-history"><small>Kartana restored HP using its Grassy Terrain!</small><br></div><div class="spacer battle-history"><br></div><h2 class="battle-history">Turn 9</h2><div class="spacer battle-history"><br></div><div class="battle-history">Lt51np Kickasser withdrew Kartana!<br></div><div class="battle-history">Lt51np Kickasser sent out <strong>Tapu Bulu</strong>!<br></div><div class="battle-history"><small>Pointed stones dug into the opposing Tapu Bulu!</small><br></div><div class="spacer battle-history"><br></div><div class="battle-history">Kartana used <strong>Sacred Sword</strong>!<br></div><div class="battle-history"><small>It's not very effective...</small><br></div><div class="battle-history"><small>(The opposing Tapu Bulu lost 26% of its health!)</small><br></div><div class="spacer battle-history"><br></div><div class="battle-history"><small>Kartana restored HP using its Grassy Terrain!</small><br></div><div class="battle-history"><small>The opposing Tapu Bulu restored a little HP using its Leftovers!</small><br></div><div class="battle-history"><small>The opposing Tapu Bulu restored HP using its Grassy Terrain!</small><br></div><div class="spacer battle-history"><br></div><h2 class="battle-history">Turn 10</h2><div class="spacer battle-history"><br></div><div class="battle-history">Kartana, come back!<br></div><div class="battle-history">Go! <strong>Magearna</strong>!<br></div><div class="battle-history"><small>Pointed stones dug into Magearna!</small><br></div><div class="spacer battle-history"><br></div><div class="battle-history">The opposing Tapu Bulu used <strong>Swords Dance</strong>!<br></div><div class="battle-history"><small>The opposing Tapu Bulu's Attack rose sharply!</small><br></div><div class="spacer battle-history"><br></div><div class="battle-history"><small>The opposing Tapu Bulu restored a little HP using its Leftovers!</small><br></div><div class="battle-history"><small>The opposing Tapu Bulu restored HP using its Grassy Terrain!</small><br></div><div class="battle-history"><small>Magearna restored HP using its Grassy Terrain!</small><br></div><div class="spacer battle-history"><br></div><h2 class="battle-history">Turn 11</h2><div class="chat"><small> Fluffeon joined.</small></div><div class="chat"><small> Japanize left.</small></div><div class="chat chatmessage-rotomswashed"><strong style="color:hsl(71,77%,35.18062828388968%);"><small> </small><span class="username" data-name="rotom's washed">rotom's washed</span>:</strong> <em>jyt u need more games</em></div><div class="chat message-error">Lt51np Kickasser has 75 seconds left.</div><div class="chat chatmessage-lt51npjyt"><strong style="color:hsl(303,42%,49%);"><small>☆</small><span class="username" data-name="LT51NP Jyt">LT51NP Jyt</span>:</strong> <em>grabbing one</em></div><div class="spacer battle-history"><br></div><div class="battle-history">The opposing Tapu Bulu used <strong>Horn Leech</strong>!<br></div><div class="battle-history"><small>It's not very effective...</small><br></div><div class="battle-history"><small>(Magearna lost 42% of its health!)</small><br></div><div class="battle-history"><small>Magearna had its energy drained!</small><br></div><div class="spacer battle-history"><br></div><div class="battle-history">Magearna used <strong>Volt Switch</strong>!<br></div><div class="battle-history"><small>It's not very effective...</small><br></div><div class="battle-history"><small>(The opposing Tapu Bulu lost 8% of its health!)</small><br></div><div class="chat"><small> egalvanc joined.</small></div><div class="spacer battle-history"><br></div><div class="battle-history">Magearna went back to LT51NP Jyt!<br></div><div class="battle-history">Go! <strong>Kartana</strong>!<br></div><div class="battle-history"><small>Pointed stones dug into Kartana!</small><br></div><div class="spacer battle-history"><br></div><div class="battle-history"><small>Kartana restored HP using its Grassy Terrain!</small><br></div><div class="battle-history"><small>The opposing Tapu Bulu restored a little HP using its Leftovers!</small><br></div><div class="battle-history"><small>The opposing Tapu Bulu restored HP using its Grassy Terrain!</small><br></div><div class="battle-history"><small>The grass disappeared from the battlefield.</small><br></div><div class="spacer battle-history"><br></div><h2 class="battle-history">Turn 12</h2><div class="chat message-error">Lt51np Kickasser has 75 seconds left.</div><div class="chat"><small>+shiloh left.</small></div><div class="spacer battle-history"><br></div><div class="battle-history">The opposing Tapu Bulu used <strong>Protect</strong>!<br></div><div class="battle-history"><small>The opposing Tapu Bulu protected itself!</small><br></div><div class="spacer battle-history"><br></div><div class="battle-history">Kartana used <strong>Smart Strike</strong>!<br></div><div class="battle-history"><small>The opposing Tapu Bulu protected itself!</small><br></div><div class="spacer battle-history"><br></div><h2 class="battle-history">Turn 13</h2><div class="spacer battle-history"><br></div><div class="battle-history">Kartana, come back!<br></div><div class="battle-history">Go! <strong>Pelipper</strong>!<br></div><div class="battle-history"><small>Pointed stones dug into Pelipper!</small><br></div><div class="battle-history"><small>[Pelipper's Drizzle]</small><br><small>It started to rain!</small><br></div><div class="spacer battle-history"><br></div><div class="battle-history">Lt51np Kickasser withdrew Tapu Bulu!<br></div><div class="battle-history">Lt51np Kickasser sent out <strong>Kartana</strong>!<br></div><div class="battle-history"><small>Pointed stones dug into the opposing Kartana!</small><br></div><div class="spacer battle-history"><br></div><div class="battle-history"><small>(Rain continues to fall!)</small><br></div><div class="spacer battle-history"><br></div><h2 class="battle-history">Turn 14</h2><div class="chat message-error">Lt51np Kickasser has 75 seconds left.</div><div class="spacer battle-history"><br></div><div class="battle-history">The opposing Kartana used <strong>Substitute</strong>!<br></div><div class="battle-history"><small>The opposing Kartana put in a substitute!</small><br></div><div class="battle-history"><small>(The opposing Kartana lost 24% of its health!)</small><br></div><div class="spacer battle-history"><br></div><div class="battle-history">Pelipper used <strong>Hurricane</strong>!<br></div><div class="battle-history"><small>The opposing Kartana's substitute faded!</small><br></div><div class="spacer battle-history"><br></div><div class="battle-history"><small>(Rain continues to fall!)</small><br></div><div class="spacer battle-history"><br></div><h2 class="battle-history">Turn 15</h2><div class="chat message-error">Lt51np Kickasser has 75 seconds left.</div><div class="chat message-error">LT51NP Jyt has 135 seconds left.</div><div class="chat"><small> liketearsinrain left.</small></div><div class="chat"><small> Jase Duken joined.</small></div><div class="chat message-error">LT51NP Jyt has 120 seconds left.</div><div class="spacer battle-history"><br></div><div class="battle-history">Pelipper, come back!<br></div><div class="battle-history">Go! <strong>Kartana</strong>!<br></div><div class="battle-history"><small>Pointed stones dug into Kartana!</small><br></div><div class="spacer battle-history"><br></div><div class="battle-history">The opposing Kartana used <strong>Substitute</strong>!<br></div><div class="battle-history"><small>The opposing Kartana put in a substitute!</small><br></div><div class="battle-history"><small>(The opposing Kartana lost 25% of its health!)</small><br></div><div class="spacer battle-history"><br></div><div class="battle-history"><small>(Rain continues to fall!)</small><br></div><div class="spacer battle-history"><br></div><h2 class="battle-history">Turn 16</h2><div class="chat message-error">Lt51np Kickasser has 75 seconds left.</div><div class="chat"><small> The Hallows. renamed from rotomswashed.</small></div><div class="spacer battle-history"><br></div><div class="battle-history">The opposing Kartana used <strong>Sacred Sword</strong>!<br></div><div class="battle-history"><small>It's super effective!</small><br></div><div class="battle-history"><small>(Kartana lost 67% of its health!)</small><br></div><div class="spacer battle-history"><br></div><div class="battle-history">Kartana fainted!<br></div><div class="battle-history"><small>[The opposing Kartana's Beast Boost]</small><br></div><div class="battle-history"><small>The opposing Kartana's Attack rose!</small><br></div><div class="spacer battle-history"><br></div><div class="battle-history"><small>(Rain continues to fall!)</small><br></div><div class="chat"><small> lt51np croo left.</small></div><div class="spacer battle-history"><br></div><div class="battle-history">Go! <strong>Kingdra</strong>!<br></div><div class="battle-history"><small>Pointed stones dug into Kingdra!</small><br></div><div class="spacer battle-history"><br></div><h2 class="battle-history">Turn 17</h2><div class="chat"><small> Empo joined.</small></div><div class="spacer battle-history"><br></div><div class="battle-history">Kingdra used <strong>Surf</strong>!<br></div><div class="battle-history"><small>It's not very effective...</small><br></div><div class="battle-history"><small>The opposing Kartana's substitute faded!</small><br></div><div class="spacer battle-history"><br></div><div class="battle-history">The opposing Kartana used <strong>Leaf Blade</strong>!<br></div><div class="battle-history"><small>(Kingdra lost 88% of its health!)</small><br></div><div class="spacer battle-history"><br></div><div class="battle-history">Kingdra fainted!<br></div><div class="battle-history"><small>[The opposing Kartana's Beast Boost]</small><br></div><div class="battle-history"><small>The opposing Kartana's Attack rose!</small><br></div><div class="spacer battle-history"><br></div><div class="battle-history"><small>(Rain continues to fall!)</small><br></div><div class="spacer battle-history"><br></div><div class="battle-history">Go! Swampert (<strong>Swampert-Mega</strong>)!<br></div><div class="battle-history"><small>Pointed stones dug into Swampert!</small><br></div><div class="spacer battle-history"><br></div><h2 class="battle-history">Turn 18</h2><div class="chat message-error">Lt51np Kickasser has 90 seconds left.</div><div class="chat"><small> lax (◠‿◠✿) left.</small></div><div class="chat message-error">Lt51np Kickasser has 75 seconds left.</div><div class="chat"><small> Lycans left.</small></div><div class="chat message-error">Lt51np Kickasser has 60 seconds left.</div><div class="chat message-error">Lt51np Kickasser has 45 seconds left.</div><div class="spacer battle-history"><br></div><div class="battle-history">Lt51np Kickasser withdrew Kartana!<br></div><div class="battle-history">Lt51np Kickasser sent out Tornadus (<strong>Tornadus-Therian</strong>)!<br></div><div class="battle-history"><small>Pointed stones dug into the opposing Tornadus!</small><br></div><div class="spacer battle-history"><br></div><div class="battle-history">Swampert used <strong>Earthquake</strong>!<br></div><div class="battle-history"><small>It doesn't affect the opposing Tornadus...</small><br></div><div class="spacer battle-history"><br></div><div class="battle-history"><small>(Rain continues to fall!)</small><br></div><div class="spacer battle-history"><br></div><h2 class="battle-history">Turn 19</h2><div class="spacer battle-history"><br></div><div class="battle-history">Swampert used <strong>Waterfall</strong>!<br></div><div class="battle-history"><small>(The opposing Tornadus lost 32% of its health!)</small><br></div><div class="battle-history"><small>Swampert was hurt by the Rocky Helmet!</small><br></div><div class="spacer battle-history"><br></div><div class="battle-history">The opposing Tornadus fainted!<br></div><div class="spacer battle-history"><br></div><div class="battle-history"><small>(Rain continues to fall!)</small><br></div><div class="chat"><small> egalvanc left.</small></div><div class="chat message-error">Lt51np Kickasser has 45 seconds left.</div><div class="chat"><small> SweetPosho left.</small></div><div class="chat message-error">Lt51np Kickasser has 30 seconds left.</div><div class="chat"><small> tsmugs joined.</small></div><div class="chat message-error">Lt51np Kickasser has 20 seconds left.</div><div class="spacer battle-history"><br></div><div class="battle-history">Lt51np Kickasser sent out <strong>Tapu Bulu</strong>!<br></div><div class="battle-history"><small>Pointed stones dug into the opposing Tapu Bulu!</small><br></div><div class="battle-history"><small>[The opposing Tapu Bulu's Grassy Surge]</small><br><small>Grass grew to cover the battlefield!</small><br></div><div class="spacer battle-history"><br></div><h2 class="battle-history">Turn 20</h2><div class="chat"><small> LT51NP MAC joined.</small></div><div class="chat"><small> insult joined.</small></div><div class="chat message-error">LT51NP Jyt has 135 seconds left.</div><div class="spacer battle-history"><br></div><div class="battle-history">Swampert, come back!<br></div><div class="battle-history">Go! <strong>Magearna</strong>!<br></div><div class="battle-history"><small>Pointed stones dug into Magearna!</small><br></div><div class="spacer battle-history"><br></div><div class="battle-history">The opposing Tapu Bulu used <strong>Horn Leech</strong>!<br></div><div class="battle-history"><small>It's not very effective...</small><br></div><div class="battle-history"><small>(Magearna lost 19% of its health!)</small><br></div><div class="battle-history"><small>Magearna had its energy drained!</small><br></div><div class="spacer battle-history"><br></div><div class="battle-history"><small>The rain stopped.</small><br></div><div class="battle-history"><small>The opposing Tapu Bulu restored a little HP using its Leftovers!</small><br></div><div class="battle-history"><small>Magearna restored HP using its Grassy Terrain!</small><br></div><div class="spacer battle-history"><br></div><h2 class="battle-history">Turn 21</h2><div class="chat message-error">Lt51np Kickasser has 30 seconds left.</div><div class="chat message-error">Lt51np Kickasser has 20 seconds left.</div><div class="chat message-error">Lt51np Kickasser has 15 seconds left.</div><div class="spacer battle-history"><br></div><div class="battle-history">Lt51np Kickasser withdrew Tapu Bulu!<br></div><div class="battle-history">Lt51np Kickasser sent out <strong>Heatran</strong>!<br></div><div class="battle-history"><small>Pointed stones dug into the opposing Heatran!</small><br></div><div class="spacer battle-history"><br></div><div class="battle-history">Magearna used <strong>Volt Switch</strong>!<br></div><div class="battle-history"><small>(The opposing Heatran lost 13% of its health!)</small><br></div><div class="spacer battle-history"><br></div><div class="battle-history">Magearna went back to LT51NP Jyt!<br></div><div class="battle-history">Go! <strong>Pelipper</strong>!<br></div><div class="battle-history"><small>Pointed stones dug into Pelipper!</small><br></div><div class="battle-history"><small>[Pelipper's Drizzle]</small><br><small>It started to rain!</small><br></div><div class="spacer battle-history"><br></div><div class="battle-history"><small>(Rain continues to fall!)</small><br></div><div class="battle-history"><small>The opposing Heatran restored a little HP using its Leftovers!</small><br></div><div class="battle-history"><small>The opposing Heatran restored HP using its Grassy Terrain!</small><br></div><div class="spacer battle-history"><br></div><h2 class="battle-history">Turn 22</h2><div class="chat message-error">Lt51np Kickasser has 30 seconds left.</div><div class="chat message-error">Lt51np Kickasser has 20 seconds left.</div><div class="chat"><small> shinhow left.</small></div><div class="chat message-error">Lt51np Kickasser has 15 seconds left.</div><div class="chat message-error">Lt51np Kickasser has 10 seconds left.</div><div class="chat"><small> Bushido Black left.</small></div><div class="chat message-error">Lt51np Kickasser has 5 seconds left.</div><div class="spacer battle-history"><br></div><div class="battle-history"><small>Lt51np Kickasser lost due to inactivity.</small><br></div><div class="spacer battle-history"><br></div><div class="battle-history"><strong>LT51NP Jyt</strong> won the battle!<br></div><div class="chat chatmessage-pitches"><strong style="color:hsl(349,68%,45%);"><small> </small><span class="username" data-name="pitches">pitches</span>:</strong> <em>0</em></div><div class="chat">LT51NP Jyt's rating: 2080 → <strong>2099</strong><br>(+19 for winning)</div><div class="chat">Lt51np Kickasser's rating: 2066 → <strong>2047</strong><br>(-19 for losing)</div><div class="chat"><small> Genesis7 left.</small></div><div class="chat"><small>+Eternam left.</small></div><div class="chat"><small> Baloor ☭ left.</small></div><div class="chat"><small> Bewhammer left.</small></div><div class="chat"><small> Jase Duken left.</small></div><div class="chat"><small> The Hallows. left.</small></div><div class="chat"><small>☆Lt51np Kickasser left.</small></div><div class="chat"><small> Ayoukoo joined.</small></div><div class="chat"><small> ufgg tryhard left.</small></div><div class="chat"><small> pitches left.</small></div><div class="chat"><small> LT51NP MAC left.</small></div><div class="chat"><small>☆LT51NP Jyt left.</small></div><div class="chat"><small> tsmugs left.</small></div><div class="chat"><small>+Leo left.</small></div><div class="chat"><small> Celysi left.</small></div><div class="chat"><small> Ayoukoo left.</small></div><div class="chat"><small> p2‽ left.</small></div><div class="chat"><small> Igolt ☃ left.</small></div><div class="chat"><small> Empo left.</small></div><div class="chat"><small> Light DN left.</small></div><div class="chat"><small> Exiline ••• left.</small></div><div class="chat"><small> LT51NP IPF left.</small></div><div class="chat"><small> LT51NP Dixon left.</small></div><div class="chat"><small> xImRaptor left.</small></div><div class="chat"><small>+Ciele left.</small></div><div class="chat"><small> Sinead's Hairline left.</small></div><div class="chat"><small> wjs joined.</small></div><div class="chat"><small> melancholy hills left.</small></div><div class="chat"><small> Reverneth left.</small></div><div class="chat"><small> insult left.</small></div><div class="chat"><small> Askov ★ left.</small></div><div class="chat"><small> Gondra left.</small></div><div class="chat"><small> dcae left.</small></div><div class="chat"><small> LT51NP Bdlc left.</small></div></div><div class="inner-preempt"></div></div></div>
</div>
<script>
let daily = Math.floor(Date.now()/1000/60/60/24);document.write('<script src="https://play.pokemonshowdown.com/js/replay-embed.js?version'+daily+'"></'+'script>');
</script>
