<!DOCTYPE html>
<meta charset="utf-8" />
<!-- version 1 -->
<title>[Gen 7] OU replay: wg scholar vs. carrot jefrrey</title>
<style>
html,body {font-family:Verdana, sans-serif;font-size:10pt;margin:0;padding:0;}body{padding:12px 0;} .battle-log {font-family:Verdana, sans-serif;font-size:10pt;} .battle-log-inline {border:1px solid #AAAAAA;background:#EEF2F5;color:black;max-width:640px;margin:0 auto 80px;padding-bottom:5px;} .battle-log .inner {padding:4px 8px 0px 8px;} .battle-log .inner-preempt {padding:0 8px 4px 8px;} .battle-log .inner-after {margin-top:0.5em;} .battle-log h2 {margin:0.5em -8px;padding:4px 8px;border:1px solid #AAAAAA;background:#E0E7EA;border-left:0;border-right:0;font-family:Verdana, sans-serif;font-size:13pt;} .battle-log .chat {vertical-align:middle;padding:3px 0 3px 0;font-size:8pt;} .battle-log .chat strong {color:#40576A;} .battle-log .chat em {padding:1px 4px 1px 3px;color:#000000;font-style:normal;} .chat.mine {background:rgba(0,0,0,0.05);margin-left:-8px;margin-right:-8px;padding-left:8px;padding-right:8px;} .spoiler {color:#BBBBBB;background:#BBBBBB;padding:0px 3px;} .spoiler:hover, .spoiler:active, .spoiler-shown {color:#000000;background:#E2E2E2;padding:0px 3px;} .spoiler a {color:#BBBBBB;} .spoiler:hover a, .spoiler:active a, .spoiler-shown a {color:#2288CC;} .chat code, .chat .spoiler:hover code, .chat .spoiler:active code, .chat .spoiler-shown code {border:1px solid #C0C0C0;background:#EEEEEE;color:black;padding:0 2px;} .chat .spoiler code {border:1px solid #CCCCCC;background:#CCCCCC;color:#CCCCCC;} .battle-log .rated {padding:3px 4px;} .battle-log .rated strong {color:white;background:#89A;padding:1px 4px;border-radius:4px;} .spacer {margin-top:0.5em;} .message-announce {background:#6688AA;color:white;padding:1px 4px 2px;} .message-announce a, .broadcast-green a, .broadcast-blue a, .broadcast-red a {color:#DDEEFF;} .broadcast-green {background-color:#559955;color:white;padding:2px 4px;} .broadcast-blue {background-color:#6688AA;color:white;padding:2px 4px;} .infobox {border:1px solid #6688AA;padding:2px 4px;} .infobox-limited {max-height:200px;overflow:auto;overflow-x:hidden;} .broadcast-red {background-color:#AA5544;color:white;padding:2px 4px;} .message-learn-canlearn {font-weight:bold;color:#228822;text-decoration:underline;} .message-learn-cannotlearn {font-weight:bold;color:#CC2222;text-decoration:underline;} .message-effect-weak {font-weight:bold;color:#CC2222;} .message-effect-resist {font-weight:bold;color:#6688AA;} .message-effect-immune {font-weight:bold;color:#666666;} .message-learn-list {margin-top:0;margin-bottom:0;} .message-throttle-notice, .message-error {color:#992222;} .message-overflow, .chat small.message-overflow {font-size:0pt;} .message-overflow::before {font-size:9pt;content:'...';} .subtle {color:#3A4A66;}
</style>
<div class="wrapper replay-wrapper" style="max-width:1180px;margin:0 auto">
<input type="hidden" name="replayid" value="gen7ou-869255882" />
<div class="battle"></div><div class="battle-log"></div><div class="replay-controls"></div><div class="replay-controls-2"></div>
<h1 style="font-weight:normal;text-align:center"><strong>[Gen 7] OU</strong><br /><a href="http://pokemonshowdown.com/users/wgscholar" class="subtle" target="_blank">wg scholar</a> vs. <a href="http://pokemonshowdown.com/users/carrotjefrrey" class="subtle" target="_blank">carrot jefrrey</a></h1>
<script type="text/plain" class="battle-log-data">|j|☆wg scholar
|j|☆carrot jefrrey
|player|p1|wg scholar|78
|player|p2|carrot jefrrey|sailor-gen3
|teamsize|p1|6
|teamsize|p2|6
|gametype|singles
|gen|7
|tier|[Gen 7] OU
|rated|
|rule|Sleep Clause Mod: Limit one foe put to sleep
|rule|Species Clause: Limit one of each Pokémon
|rule|OHKO Clause: OHKO moves are banned
|rule|Moody Clause: Moody is banned
|rule|Evasion Moves Clause: Evasion moves are banned
|rule|Endless Battle Clause: Forcing endless battles is banned
|rule|HP Percentage Mod: HP is shown in percentages
|clearpoke
|poke|p1|Greninja, M|item
|poke|p1|Jirachi|item
|poke|p1|Landorus-Therian, M|item
|poke|p1|Tapu Fini|item
|poke|p1|Charizard, M|item
|poke|p1|Magearna|item
|poke|p2|Mawile, M|item
|poke|p2|Ferrothorn, M|item
|poke|p2|Tapu Koko|item
|poke|p2|Garchomp, F|item
|poke|p2|Tornadus-Therian, M|item
|poke|p2|Greninja, M|item
|teampreview
|j| teejin
|j| OnTeacherWifi
|j| skarmpissisback
|j| jefrrey
|inactive|Battle timer is ON: inactive players will automatically lose when time's up. (requested by wg scholar)
|inactive|carrot jefrrey also wants the timer to be on.
|j| I_LLUMINAT_I
|
|start
|switch|p1a: Landorus|Landorus-Therian, M|100\/100
|switch|p2a: Greninja|Greninja, M|100\/100
|-ability|p1a: Landorus|Intimidate|boost
|-unboost|p2a: Greninja|atk|1
|turn|1
|
|switch|p2a: Garchomp|Garchomp, F|100\/100
|switch|p1a: Tapu Fini|Tapu Fini|100\/100
|-fieldstart|move: Misty Terrain|[from] ability: Misty Surge|[of] p1a: Tapu Fini
|
|upkeep
|turn|2
|
|switch|p2a: Ferrothorn|Ferrothorn, M|100\/100
|move|p1a: Tapu Fini|Moonblast|p2a: Ferrothorn
|-resisted|p2a: Ferrothorn
|-damage|p2a: Ferrothorn|90\/100
|-unboost|p2a: Ferrothorn|spa|1
|
|-heal|p2a: Ferrothorn|96\/100|[from] item: Leftovers
|upkeep
|turn|3
|
|move|p1a: Tapu Fini|Taunt|p2a: Ferrothorn
|-start|p2a: Ferrothorn|move: Taunt
|move|p2a: Ferrothorn|Power Whip|p1a: Tapu Fini|[miss]
|-miss|p2a: Ferrothorn|p1a: Tapu Fini
|
|-heal|p2a: Ferrothorn|100\/100|[from] item: Leftovers
|upkeep
|turn|4
|
|switch|p1a: Landorus|Landorus-Therian, M|100\/100
|-ability|p1a: Landorus|Intimidate|boost
|-unboost|p2a: Ferrothorn|atk|1
|switch|p2a: Garchomp|Garchomp, F|100\/100
|
|upkeep
|turn|5
|
|move|p1a: Landorus|Earthquake|p2a: Garchomp
|-damage|p2a: Garchomp|51\/100
|move|p2a: Garchomp|Stealth Rock|p1a: Landorus
|-sidestart|p1: wg scholar|move: Stealth Rock
|
|-fieldend|Misty Terrain
|upkeep
|turn|6
|
|switch|p2a: Tornadus|Tornadus-Therian, M|100\/100
|move|p1a: Landorus|Stealth Rock|p2a: Tornadus
|-sidestart|p2: carrot jefrrey|move: Stealth Rock
|
|upkeep
|turn|7
|
|-zpower|p2a: Tornadus
|move|p2a: Tornadus|Supersonic Skystrike|p1a: Landorus|[zeffect]
|-damage|p1a: Landorus|4\/100
|move|p1a: Landorus|Stone Edge|p2a: Tornadus
|-supereffective|p2a: Tornadus
|-damage|p2a: Tornadus|0 fnt
|faint|p2a: Tornadus
|
|upkeep
|
|switch|p2a: Greninja|Greninja, M|100\/100
|-damage|p2a: Greninja|88\/100|[from] Stealth Rock
|turn|8
|
|switch|p1a: Tapu Fini|Tapu Fini|100\/100
|-damage|p1a: Tapu Fini|88\/100|[from] Stealth Rock
|-fieldstart|move: Misty Terrain|[from] ability: Misty Surge|[of] p1a: Tapu Fini
|move|p2a: Greninja|Hidden Power|p1a: Tapu Fini
|-start|p2a: Greninja|typechange|Fire|[from] Protean
|-resisted|p1a: Tapu Fini
|-damage|p1a: Tapu Fini|78\/100
|
|-heal|p1a: Tapu Fini|84\/100|[from] item: Leftovers
|upkeep
|turn|9
|
|move|p2a: Greninja|Gunk Shot|p1a: Tapu Fini
|-start|p2a: Greninja|typechange|Poison|[from] Protean
|-supereffective|p1a: Tapu Fini
|-damage|p1a: Tapu Fini|6\/100
|move|p1a: Tapu Fini|Scald|p2a: Greninja
|-damage|p2a: Greninja|47\/100
|
|-heal|p1a: Tapu Fini|12\/100|[from] item: Leftovers
|upkeep
|turn|10
|
|move|p2a: Greninja|Hydro Pump|p1a: Tapu Fini
|-start|p2a: Greninja|typechange|Water|[from] Protean
|-resisted|p1a: Tapu Fini
|-damage|p1a: Tapu Fini|0 fnt
|faint|p1a: Tapu Fini
|
|upkeep
|
|switch|p1a: Greninja|Greninja, M|100\/100
|-damage|p1a: Greninja|88\/100|[from] Stealth Rock
|turn|11
|j| we
|inactive|carrot jefrrey has 120 seconds left.
|
|move|p2a: Greninja|U-turn|p1a: Greninja
|-start|p2a: Greninja|typechange|Bug|[from] Protean
|-supereffective|p1a: Greninja
|-damage|p1a: Greninja|0 fnt
|faint|p1a: Greninja
|inactive|carrot jefrrey has 120 seconds left.
|j| Ragingtrainerx2
|inactive|carrot jefrrey has 90 seconds left.
|l| OnTeacherWifi
|
|switch|p2a: Tapu Koko|Tapu Koko|100\/100
|-damage|p2a: Tapu Koko|88\/100|[from] Stealth Rock
|-fieldstart|move: Electric Terrain|[from] ability: Electric Surge|[of] p2a: Tapu Koko
|
|upkeep
|
|switch|p1a: Jirachi|Jirachi|100\/100
|-damage|p1a: Jirachi|94\/100|[from] Stealth Rock
|turn|12
|
|switch|p2a: Garchomp|Garchomp, F|51\/100
|-damage|p2a: Garchomp|45\/100|[from] Stealth Rock
|move|p1a: Jirachi|Healing Wish|p1a: Jirachi
|faint|p1a: Jirachi
|
|upkeep
|
|switch|p1a: Landorus|Landorus-Therian, M|4\/100
|-heal|p1a: Landorus|100\/100|[from] move: Healing Wish
|-damage|p1a: Landorus|88\/100|[from] Stealth Rock
|-ability|p1a: Landorus|Intimidate|boost
|-unboost|p2a: Garchomp|atk|1
|turn|13
|
|move|p1a: Landorus|Earthquake|p2a: Garchomp
|-damage|p2a: Garchomp|0 fnt
|faint|p2a: Garchomp
|
|upkeep
|inactive|carrot jefrrey has 90 seconds left.
|
|switch|p2a: Greninja|Greninja, M|47\/100
|-damage|p2a: Greninja|35\/100|[from] Stealth Rock
|turn|14
|
|move|p2a: Greninja|Hydro Pump|p1a: Landorus
|-start|p2a: Greninja|typechange|Water|[from] Protean
|-supereffective|p1a: Landorus
|-damage|p1a: Landorus|0 fnt
|faint|p1a: Landorus
|
|upkeep
|
|switch|p1a: Magearna|Magearna|100\/100
|-damage|p1a: Magearna|95\/100|[from] Stealth Rock
|turn|15
|inactive|carrot jefrrey has 90 seconds left.
|inactive|carrot jefrrey has 60 seconds left.
|inactive|carrot jefrrey has 30 seconds left.
|inactive|carrot jefrrey has 20 seconds left.
|inactive|carrot jefrrey has 15 seconds left.
|inactive|carrot jefrrey has 10 seconds left.
|
|move|p2a: Greninja|Hidden Power|p1a: Magearna
|-start|p2a: Greninja|typechange|Fire|[from] Protean
|-supereffective|p1a: Magearna
|-damage|p1a: Magearna|29\/100
|move|p1a: Magearna|Shift Gear|p1a: Magearna
|-boost|p1a: Magearna|spe|2
|-boost|p1a: Magearna|atk|1
|
|-fieldend|move: Electric Terrain
|upkeep
|turn|16
|inactive|carrot jefrrey has 20 seconds left this turn.
|inactive|carrot jefrrey has 15 seconds left.
|inactive|carrot jefrrey has 10 seconds left.
|
|move|p1a: Magearna|Focus Blast|p2a: Greninja
|-crit|p2a: Greninja
|-damage|p2a: Greninja|0 fnt
|faint|p2a: Greninja
|-ability|p1a: Magearna|Soul-Heart|boost
|-boost|p1a: Magearna|spa|1
|
|upkeep
|inactive|carrot jefrrey has 20 seconds left this turn.
|inactive|carrot jefrrey has 15 seconds left.
|
|switch|p2a: Ferrothorn|Ferrothorn, M|100\/100
|-damage|p2a: Ferrothorn|94\/100|[from] Stealth Rock
|turn|17
|inactive|carrot jefrrey has 25 seconds left this turn.
|
|move|p1a: Magearna|Focus Blast|p2a: Ferrothorn
|-supereffective|p2a: Ferrothorn
|-damage|p2a: Ferrothorn|13\/100
|move|p2a: Ferrothorn|Bulldoze|p1a: Magearna
|-supereffective|p1a: Magearna
|-damage|p1a: Magearna|2\/100
|-unboost|p1a: Magearna|spe|1
|
|-heal|p2a: Ferrothorn|19\/100|[from] item: Leftovers
|upkeep
|turn|18
|inactive|carrot jefrrey has 30 seconds left.
|
|move|p1a: Magearna|Ice Beam|p2a: Ferrothorn
|-damage|p2a: Ferrothorn|0 fnt
|faint|p2a: Ferrothorn
|-ability|p1a: Magearna|Soul-Heart|boost
|-boost|p1a: Magearna|spa|1
|
|upkeep
|inactive|carrot jefrrey has 30 seconds left.
|
|switch|p2a: Mawile|Mawile, M|100\/100
|-damage|p2a: Mawile|94\/100|[from] Stealth Rock
|-ability|p2a: Mawile|Intimidate|boost
|-unboost|p1a: Magearna|atk|1
|turn|19
|inactive|carrot jefrrey has 30 seconds left.
|inactive|carrot jefrrey has 20 seconds left.
|
|detailschange|p2a: Mawile|Mawile-Mega, M
|-mega|p2a: Mawile|Mawile|Mawilite
|move|p2a: Mawile|Sucker Punch||[still]
|-fail|p2a: Mawile
|move|p1a: Magearna|Shift Gear|p1a: Magearna
|-boost|p1a: Magearna|spe|2
|-boost|p1a: Magearna|atk|1
|
|upkeep
|turn|20
|inactive|carrot jefrrey has 30 seconds left this turn.
|j| SteveT
|
|move|p2a: Mawile|Sucker Punch||[still]
|-fail|p2a: Mawile
|move|p1a: Magearna|Shift Gear|p1a: Magearna
|-boost|p1a: Magearna|spe|2
|-boost|p1a: Magearna|atk|1
|
|upkeep
|turn|21
|
|move|p2a: Mawile|Sucker Punch||[still]
|-fail|p2a: Mawile
|move|p1a: Magearna|Shift Gear|p1a: Magearna
|-boost|p1a: Magearna|spe|1
|-boost|p1a: Magearna|atk|1
|
|upkeep
|turn|22
|
|move|p2a: Mawile|Sucker Punch||[still]
|-fail|p2a: Mawile
|move|p1a: Magearna|Shift Gear|p1a: Magearna
|-boost|p1a: Magearna|spe|0
|-boost|p1a: Magearna|atk|1
|
|upkeep
|turn|23
|
|move|p2a: Mawile|Sucker Punch||[still]
|-fail|p2a: Mawile
|move|p1a: Magearna|Shift Gear|p1a: Magearna
|-boost|p1a: Magearna|spe|0
|-boost|p1a: Magearna|atk|1
|
|upkeep
|turn|24
|n| I Game HArd|we
|inactive|wg scholar has 120 seconds left.
|n| i game hard|igamehard
|n| I game hard|igamehard
|j| passion!
|
|move|p2a: Mawile|Sucker Punch||[still]
|-fail|p2a: Mawile
|move|p1a: Magearna|Shift Gear|p1a: Magearna
|-boost|p1a: Magearna|spe|0
|-boost|p1a: Magearna|atk|1
|
|upkeep
|turn|25
|n| we|igamehard
|j| hand relief
|inactive|wg scholar has 90 seconds left.
|c| hand relief|SO I SUCCER
|c| hand relief|SO I SUCCER
|c| hand relief|TO I SUCCER
|c| hand relief|TO I SUCCER
|c| hand relief|TO I SUCCER????????????
|
|move|p2a: Mawile|Sucker Punch|p1a: Magearna
|-resisted|p1a: Magearna
|-damage|p1a: Magearna|0 fnt
|faint|p1a: Magearna
|
|upkeep
|
|switch|p1a: Charizard|Charizard, M|100\/100
|-damage|p1a: Charizard|51\/100|[from] Stealth Rock
|turn|26
|
|move|p1a: Charizard|Roost|p1a: Charizard
|-heal|p1a: Charizard|100\/100
|-singleturn|p1a: Charizard|move: Roost
|move|p2a: Mawile|Play Rough|p1a: Charizard
|-resisted|p1a: Charizard
|-damage|p1a: Charizard|35\/100
|
|upkeep
|turn|27
|
|move|p1a: Charizard|Roost|p1a: Charizard
|-heal|p1a: Charizard|85\/100
|-singleturn|p1a: Charizard|move: Roost
|move|p2a: Mawile|Knock Off|p1a: Charizard
|-damage|p1a: Charizard|25\/100
|
|upkeep
|turn|28
|
|move|p1a: Charizard|Roost|p1a: Charizard
|-heal|p1a: Charizard|76\/100
|-singleturn|p1a: Charizard|move: Roost
|move|p2a: Mawile|Knock Off|p1a: Charizard
|-damage|p1a: Charizard|12\/100
|
|upkeep
|turn|29
|
|detailschange|p1a: Charizard|Charizard-Mega-X, M
|-mega|p1a: Charizard|Charizard|Charizardite X
|move|p1a: Charizard|Earthquake|p2a: Mawile
|-supereffective|p2a: Mawile
|-damage|p2a: Mawile|13\/100
|move|p2a: Mawile|Knock Off|p1a: Charizard
|-damage|p1a: Charizard|0 fnt
|faint|p1a: Charizard
|
|win|carrot jefrrey
|c|☆carrot jefrrey|GG
|raw|wg scholar's rating: 1945 &rarr; <strong>1916<\/strong><br \/>(-29 for losing)
|raw|carrot jefrrey's rating: 1787 &rarr; <strong>1816<\/strong><br \/>(+29 for winning)
|c|☆carrot jefrrey|gamer
|l|☆wg scholar
|l|☆carrot jefrrey
|j| ima
|l| ima
|j| ima
|l| ima
|l| I_LLUMINAT_I
|l| skarmpissisback
|j| curiosity
|l| curiosity
|l| SteveT
|l| passion!
|l| jefrrey
|l| we
|l| teejin
|l| Ragingtrainerx2
|j|☆carrot jefrrey
|j| skarmpissisback
|j| we
</script>
</div>
<div class="battle-log battle-log-inline"><div class="inner"><div class="battle-options"></div><div class="inner"><div class="chat"><small>☆wg scholar joined.</small></div><div class="chat"><small>☆carrot jefrrey joined.</small></div><div class=""><small>Format:</small> <br><strong>[Gen 7] OU</strong></div><div class="rated"><strong>Rated battle</strong></div><div class=""><small><em>Sleep Clause Mod:</em> Limit one foe put to sleep</small></div><div class=""><small><em>Species Clause:</em> Limit one of each Pokémon</small></div><div class=""><small><em>OHKO Clause:</em> OHKO moves are banned</small></div><div class=""><small><em>Moody Clause:</em> Moody is banned</small></div><div class=""><small><em>Evasion Moves Clause:</em> Evasion moves are banned</small></div><div class=""><small><em>Endless Battle Clause:</em> Forcing endless battles is banned</small></div><div class=""><small><em>HP Percentage Mod:</em> HP is shown in percentages</small></div><div class="chat battle-history"><strong>wg scholar's team:</strong> <em style="color:#445566;display:block;">Greninja / Jirachi / Landorus-Therian / Tapu Fini / Charizard / Magearna</em></div><div class="chat battle-history"><strong>carrot jefrrey's team:</strong> <em style="color:#445566;display:block;">Mawile / Ferrothorn / Tapu Koko / Garchomp / Tornadus-Therian / Greninja</em></div><div class="chat"><small> teejin joined.</small></div><div class="chat"><small> OnTeacherWifi joined.</small></div><div class="chat"><small> skarmpissisback joined.</small></div><div class="chat"><small> jefrrey joined.</small></div><div class="chat message-error">Battle timer is ON: inactive players will automatically lose when time's up. (requested by wg scholar)</div><div class="chat message-error">carrot jefrrey also wants the timer to be on.</div><div class="chat"><small> I_LLUMINAT_I joined.</small></div><div class="spacer battle-history"><br></div><div class="battle-history">Battle started between wg scholar and carrot jefrrey!<br></div><div class="spacer battle-history"><br></div><div class="battle-history">Go! Landorus (<strong>Landorus-Therian</strong>)!<br></div><div class="spacer battle-history"><br></div><div class="battle-history">carrot jefrrey sent out <strong>Greninja</strong>!<br></div><div class="battle-history"><small>[Landorus's Intimidate]</small><br></div><div class="battle-history"><small>The opposing Greninja's Attack fell!</small><br></div><div class="spacer battle-history"><br></div><h2 class="battle-history">Turn 1</h2><div class="spacer battle-history"><br></div><div class="battle-history">carrot jefrrey withdrew Greninja!<br></div><div class="battle-history">carrot jefrrey sent out <strong>Garchomp</strong>!<br></div><div class="spacer battle-history"><br></div><div class="battle-history">Landorus, come back!<br></div><div class="battle-history">Go! <strong>Tapu Fini</strong>!<br></div><div class="battle-history"><small>[Tapu Fini's Misty Surge]</small><br><small>Mist swirls around the battlefield!</small><br></div><div class="spacer battle-history"><br></div><h2 class="battle-history">Turn 2</h2><div class="spacer battle-history"><br></div><div class="battle-history">carrot jefrrey withdrew Garchomp!<br></div><div class="battle-history">carrot jefrrey sent out <strong>Ferrothorn</strong>!<br></div><div class="spacer battle-history"><br></div><div class="battle-history">Tapu Fini used <strong>Moonblast</strong>!<br></div><div class="battle-history"><small>It's not very effective...</small><br></div><div class="battle-history"><small>(The opposing Ferrothorn lost 10% of its health!)</small><br></div><div class="battle-history"><small>The opposing Ferrothorn's Special Attack fell!</small><br></div><div class="spacer battle-history"><br></div><div class="battle-history"><small>The opposing Ferrothorn restored a little HP using its Leftovers!</small><br></div><div class="spacer battle-history"><br></div><h2 class="battle-history">Turn 3</h2><div class="spacer battle-history"><br></div><div class="battle-history">Tapu Fini used <strong>Taunt</strong>!<br></div><div class="battle-history"><small>The opposing Ferrothorn fell for the taunt!</small><br></div><div class="spacer battle-history"><br></div><div class="battle-history">The opposing Ferrothorn used <strong>Power Whip</strong>!<br></div><div class="battle-history"><small>Tapu Fini avoided the attack!</small><br></div><div class="spacer battle-history"><br></div><div class="battle-history"><small>The opposing Ferrothorn restored a little HP using its Leftovers!</small><br></div><div class="spacer battle-history"><br></div><h2 class="battle-history">Turn 4</h2><div class="spacer battle-history"><br></div><div class="battle-history">Tapu Fini, come back!<br></div><div class="battle-history">Go! Landorus (<strong>Landorus-Therian</strong>)!<br></div><div class="battle-history"><small>[Landorus's Intimidate]</small><br></div><div class="battle-history"><small>The opposing Ferrothorn's Attack fell!</small><br></div><div class="spacer battle-history"><br></div><div class="battle-history">carrot jefrrey withdrew Ferrothorn!<br></div><div class="battle-history">carrot jefrrey sent out <strong>Garchomp</strong>!<br></div><div class="spacer battle-history"><br></div><h2 class="battle-history">Turn 5</h2><div class="spacer battle-history"><br></div><div class="battle-history">Landorus used <strong>Earthquake</strong>!<br></div><div class="battle-history"><small>(The opposing Garchomp lost 49% of its health!)</small><br></div><div class="spacer battle-history"><br></div><div class="battle-history">The opposing Garchomp used <strong>Stealth Rock</strong>!<br></div><div class="battle-history"><small>Pointed stones float in the air around your team!</small><br></div><div class="spacer battle-history"><br></div><div class="battle-history"><small>The mist disappeared from the battlefield.</small><br></div><div class="spacer battle-history"><br></div><h2 class="battle-history">Turn 6</h2><div class="spacer battle-history"><br></div><div class="battle-history">carrot jefrrey withdrew Garchomp!<br></div><div class="battle-history">carrot jefrrey sent out Tornadus (<strong>Tornadus-Therian</strong>)!<br></div><div class="spacer battle-history"><br></div><div class="battle-history">Landorus used <strong>Stealth Rock</strong>!<br></div><div class="battle-history"><small>Pointed stones float in the air around the opposing team!</small><br></div><div class="spacer battle-history"><br></div><h2 class="battle-history">Turn 7</h2><div class="spacer battle-history"><br></div><div class="battle-history"><small>The opposing Tornadus surrounded itself with its Z-Power!</small><br></div><div class="spacer battle-history"><br></div><div class="battle-history">The opposing Tornadus used <strong>Supersonic Skystrike</strong>!<br></div><div class="battle-history"><small>(Landorus lost 96% of its health!)</small><br></div><div class="spacer battle-history"><br></div><div class="battle-history">Landorus used <strong>Stone Edge</strong>!<br></div><div class="battle-history"><small>It's super effective!</small><br></div><div class="battle-history"><small>(The opposing Tornadus lost 100% of its health!)</small><br></div><div class="spacer battle-history"><br></div><div class="battle-history">The opposing Tornadus fainted!<br></div><div class="spacer battle-history"><br></div><div class="battle-history">carrot jefrrey sent out <strong>Greninja</strong>!<br></div><div class="battle-history"><small>Pointed stones dug into the opposing Greninja!</small><br></div><div class="spacer battle-history"><br></div><h2 class="battle-history">Turn 8</h2><div class="spacer battle-history"><br></div><div class="battle-history">Landorus, come back!<br></div><div class="battle-history">Go! <strong>Tapu Fini</strong>!<br></div><div class="battle-history"><small>Pointed stones dug into Tapu Fini!</small><br></div><div class="battle-history"><small>[Tapu Fini's Misty Surge]</small><br><small>Mist swirls around the battlefield!</small><br></div><div class="spacer battle-history"><br></div><div class="battle-history">The opposing Greninja used <strong>Hidden Power</strong>!<br></div><div class="spacer battle-history"><br></div><div class="battle-history"><small>[The opposing Greninja's Protean]</small><br><small>The opposing Greninja transformed into the Fire type!</small><br></div><div class="battle-history"><small>It's not very effective...</small><br></div><div class="battle-history"><small>(Tapu Fini lost 10% of its health!)</small><br></div><div class="spacer battle-history"><br></div><div class="battle-history"><small>Tapu Fini restored a little HP using its Leftovers!</small><br></div><div class="spacer battle-history"><br></div><h2 class="battle-history">Turn 9</h2><div class="spacer battle-history"><br></div><div class="battle-history">The opposing Greninja used <strong>Gunk Shot</strong>!<br></div><div class="spacer battle-history"><br></div><div class="battle-history"><small>[The opposing Greninja's Protean]</small><br><small>The opposing Greninja transformed into the Poison type!</small><br></div><div class="battle-history"><small>It's super effective!</small><br></div><div class="battle-history"><small>(Tapu Fini lost 78% of its health!)</small><br></div><div class="spacer battle-history"><br></div><div class="battle-history">Tapu Fini used <strong>Scald</strong>!<br></div><div class="battle-history"><small>(The opposing Greninja lost 41% of its health!)</small><br></div><div class="spacer battle-history"><br></div><div class="battle-history"><small>Tapu Fini restored a little HP using its Leftovers!</small><br></div><div class="spacer battle-history"><br></div><h2 class="battle-history">Turn 10</h2><div class="spacer battle-history"><br></div><div class="battle-history">The opposing Greninja used <strong>Hydro Pump</strong>!<br></div><div class="spacer battle-history"><br></div><div class="battle-history"><small>[The opposing Greninja's Protean]</small><br><small>The opposing Greninja transformed into the Water type!</small><br></div><div class="battle-history"><small>It's not very effective...</small><br></div><div class="battle-history"><small>(Tapu Fini lost 12% of its health!)</small><br></div><div class="spacer battle-history"><br></div><div class="battle-history">Tapu Fini fainted!<br></div><div class="spacer battle-history"><br></div><div class="battle-history">Go! <strong>Greninja</strong>!<br></div><div class="battle-history"><small>Pointed stones dug into Greninja!</small><br></div><div class="spacer battle-history"><br></div><h2 class="battle-history">Turn 11</h2><div class="chat"><small> we joined.</small></div><div class="chat message-error">carrot jefrrey has 120 seconds left.</div><div class="spacer battle-history"><br></div><div class="battle-history">The opposing Greninja used <strong>U-turn</strong>!<br></div><div class="spacer battle-history"><br></div><div class="battle-history"><small>[The opposing Greninja's Protean]</small><br><small>The opposing Greninja transformed into the Bug type!</small><br></div><div class="battle-history"><small>It's super effective!</small><br></div><div class="battle-history"><small>(Greninja lost 88% of its health!)</small><br></div><div class="spacer battle-history"><br></div><div class="battle-history">Greninja fainted!<br></div><div class="chat message-error">carrot jefrrey has 120 seconds left.</div><div class="chat"><small> Ragingtrainerx2 joined.</small></div><div class="chat message-error">carrot jefrrey has 90 seconds left.</div><div class="chat"><small> OnTeacherWifi left.</small></div><div class="spacer battle-history"><br></div><div class="battle-history">The opposing Greninja went back to carrot jefrrey!<br></div><div class="battle-history">carrot jefrrey sent out <strong>Tapu Koko</strong>!<br></div><div class="battle-history"><small>Pointed stones dug into the opposing Tapu Koko!</small><br></div><div class="battle-history"><small>[The opposing Tapu Koko's Electric Surge]</small><br><small>An electric current runs across the battlefield!</small><br></div><div class="spacer battle-history"><br></div><div class="battle-history">Go! <strong>Jirachi</strong>!<br></div><div class="battle-history"><small>Pointed stones dug into Jirachi!</small><br></div><div class="spacer battle-history"><br></div><h2 class="battle-history">Turn 12</h2><div class="spacer battle-history"><br></div><div class="battle-history">carrot jefrrey withdrew Tapu Koko!<br></div><div class="battle-history">carrot jefrrey sent out <strong>Garchomp</strong>!<br></div><div class="battle-history"><small>Pointed stones dug into the opposing Garchomp!</small><br></div><div class="spacer battle-history"><br></div><div class="battle-history">Jirachi used <strong>Healing Wish</strong>!<br></div><div class="spacer battle-history"><br></div><div class="battle-history">Jirachi fainted!<br></div><div class="spacer battle-history"><br></div><div class="battle-history">Go! Landorus (<strong>Landorus-Therian</strong>)!<br></div><div class="battle-history"><small>The healing wish came true for Landorus!</small><br></div><div class="battle-history"><small>Pointed stones dug into Landorus!</small><br></div><div class="battle-history"><small>[Landorus's Intimidate]</small><br></div><div class="battle-history"><small>The opposing Garchomp's Attack fell!</small><br></div><div class="spacer battle-history"><br></div><h2 class="battle-history">Turn 13</h2><div class="spacer battle-history"><br></div><div class="battle-history">Landorus used <strong>Earthquake</strong>!<br></div><div class="battle-history"><small>(The opposing Garchomp lost 45% of its health!)</small><br></div><div class="spacer battle-history"><br></div><div class="battle-history">The opposing Garchomp fainted!<br></div><div class="chat message-error">carrot jefrrey has 90 seconds left.</div><div class="spacer battle-history"><br></div><div class="battle-history">carrot jefrrey sent out <strong>Greninja</strong>!<br></div><div class="battle-history"><small>Pointed stones dug into the opposing Greninja!</small><br></div><div class="spacer battle-history"><br></div><h2 class="battle-history">Turn 14</h2><div class="spacer battle-history"><br></div><div class="battle-history">The opposing Greninja used <strong>Hydro Pump</strong>!<br></div><div class="spacer battle-history"><br></div><div class="battle-history"><small>[The opposing Greninja's Protean]</small><br><small>The opposing Greninja transformed into the Water type!</small><br></div><div class="battle-history"><small>It's super effective!</small><br></div><div class="battle-history"><small>(Landorus lost 88% of its health!)</small><br></div><div class="spacer battle-history"><br></div><div class="battle-history">Landorus fainted!<br></div><div class="spacer battle-history"><br></div><div class="battle-history">Go! <strong>Magearna</strong>!<br></div><div class="battle-history"><small>Pointed stones dug into Magearna!</small><br></div><div class="spacer battle-history"><br></div><h2 class="battle-history">Turn 15</h2><div class="chat message-error">carrot jefrrey has 90 seconds left.</div><div class="chat message-error">carrot jefrrey has 60 seconds left.</div><div class="chat message-error">carrot jefrrey has 30 seconds left.</div><div class="chat message-error">carrot jefrrey has 20 seconds left.</div><div class="chat message-error">carrot jefrrey has 15 seconds left.</div><div class="chat message-error">carrot jefrrey has 10 seconds left.</div><div class="spacer battle-history"><br></div><div class="battle-history">The opposing Greninja used <strong>Hidden Power</strong>!<br></div><div class="spacer battle-history"><br></div><div class="battle-history"><small>[The opposing Greninja's Protean]</small><br><small>The opposing Greninja transformed into the Fire type!</small><br></div><div class="battle-history"><small>It's super effective!</small><br></div><div class="battle-history"><small>(Magearna lost 66% of its health!)</small><br></div><div class="spacer battle-history"><br></div><div class="battle-history">Magearna used <strong>Shift Gear</strong>!<br></div><div class="battle-history"><small>Magearna's Speed rose sharply!</small><br></div><div class="battle-history"><small>Magearna's Attack rose!</small><br></div><div class="spacer battle-history"><br></div><div class="battle-history"><small>The electricity disappeared from the battlefield.</small><br></div><div class="spacer battle-history"><br></div><h2 class="battle-history">Turn 16</h2><div class="chat message-error">carrot jefrrey has 20 seconds left this turn.</div><div class="chat message-error">carrot jefrrey has 15 seconds left.</div><div class="chat message-error">carrot jefrrey has 10 seconds left.</div><div class="spacer battle-history"><br></div><div class="battle-history">Magearna used <strong>Focus Blast</strong>!<br></div><div class="battle-history"><small>A critical hit!</small><br></div><div class="battle-history"><small>(The opposing Greninja lost 35% of its health!)</small><br></div><div class="spacer battle-history"><br></div><div class="battle-history">The opposing Greninja fainted!<br></div><div class="battle-history"><small>[Magearna's Soul-Heart]</small><br></div><div class="battle-history"><small>Magearna's Special Attack rose!</small><br></div><div class="chat message-error">carrot jefrrey has 20 seconds left this turn.</div><div class="chat message-error">carrot jefrrey has 15 seconds left.</div><div class="spacer battle-history"><br></div><div class="battle-history">carrot jefrrey sent out <strong>Ferrothorn</strong>!<br></div><div class="battle-history"><small>Pointed stones dug into the opposing Ferrothorn!</small><br></div><div class="spacer battle-history"><br></div><h2 class="battle-history">Turn 17</h2><div class="chat message-error">carrot jefrrey has 25 seconds left this turn.</div><div class="spacer battle-history"><br></div><div class="battle-history">Magearna used <strong>Focus Blast</strong>!<br></div><div class="battle-history"><small>It's super effective!</small><br></div><div class="battle-history"><small>(The opposing Ferrothorn lost 81% of its health!)</small><br></div><div class="spacer battle-history"><br></div><div class="battle-history">The opposing Ferrothorn used <strong>Bulldoze</strong>!<br></div><div class="battle-history"><small>It's super effective!</small><br></div><div class="battle-history"><small>(Magearna lost 27% of its health!)</small><br></div><div class="battle-history"><small>Magearna's Speed fell!</small><br></div><div class="spacer battle-history"><br></div><div class="battle-history"><small>The opposing Ferrothorn restored a little HP using its Leftovers!</small><br></div><div class="spacer battle-history"><br></div><h2 class="battle-history">Turn 18</h2><div class="chat message-error">carrot jefrrey has 30 seconds left.</div><div class="spacer battle-history"><br></div><div class="battle-history">Magearna used <strong>Ice Beam</strong>!<br></div><div class="battle-history"><small>(The opposing Ferrothorn lost 19% of its health!)</small><br></div><div class="spacer battle-history"><br></div><div class="battle-history">The opposing Ferrothorn fainted!<br></div><div class="battle-history"><small>[Magearna's Soul-Heart]</small><br></div><div class="battle-history"><small>Magearna's Special Attack rose!</small><br></div><div class="chat message-error">carrot jefrrey has 30 seconds left.</div><div class="spacer battle-history"><br></div><div class="battle-history">carrot jefrrey sent out <strong>Mawile</strong>!<br></div><div class="battle-history"><small>Pointed stones dug into the opposing Mawile!</small><br></div><div class="battle-history"><small>[The opposing Mawile's Intimidate]</small><br></div><div class="battle-history"><small>Magearna's Attack fell!</small><br></div><div class="spacer battle-history"><br></div><h2 class="battle-history">Turn 19</h2><div class="chat message-error">carrot jefrrey has 30 seconds left.</div><div class="chat message-error">carrot jefrrey has 20 seconds left.</div><div class="spacer battle-history"><br></div><div class="battle-history"><small>The opposing Mawile's Mawilite is reacting to the Key Stone!</small><br>The opposing Mawile has Mega Evolved into Mega Mawile!<br></div><div class="spacer battle-history"><br></div><div class="battle-history">The opposing Mawile used <strong>Sucker Punch</strong>!<br></div><div class="battle-history"><small>But it failed!</small><br></div><div class="spacer battle-history"><br></div><div class="battle-history">Magearna used <strong>Shift Gear</strong>!<br></div><div class="battle-history"><small>Magearna's Speed rose sharply!</small><br></div><div class="battle-history"><small>Magearna's Attack rose!</small><br></div><div class="spacer battle-history"><br></div><h2 class="battle-history">Turn 20</h2><div class="chat message-error">carrot jefrrey has 30 seconds left this turn.</div><div class="chat"><small> SteveT joined.</small></div><div class="spacer battle-history"><br></div><div class="battle-history">The opposing Mawile used <strong>Sucker Punch</strong>!<br></div><div class="battle-history"><small>But it failed!</small><br></div><div class="spacer battle-history"><br></div><div class="battle-history">Magearna used <strong>Shift Gear</strong>!<br></div><div class="battle-history"><small>Magearna's Speed rose sharply!</small><br></div><div class="battle-history"><small>Magearna's Attack rose!</small><br></div><div class="spacer battle-history"><br></div><h2 class="battle-history">Turn 21</h2><div class="spacer battle-history"><br></div><div class="battle-history">The opposing Mawile used <strong>Sucker Punch</strong>!<br></div><div class="battle-history"><small>But it failed!</small><br></div><div class="spacer battle-history"><br></div><div class="battle-history">Magearna used <strong>Shift Gear</strong>!<br></div><div class="battle-history"><small>Magearna's Speed rose!</small><br></div><div class="battle-history"><small>Magearna's Attack rose!</small><br></div><div class="spacer battle-history"><br></div><h2 class="battle-history">Turn 22</h2><div class="spacer battle-history"><br></div><div class="battle-history">The opposing Mawile used <strong>Sucker Punch</strong>!<br></div><div class="battle-history"><small>But it failed!</small><br></div><div class="spacer battle-history"><br></div><div class="battle-history">Magearna used <strong>Shift Gear</strong>!<br></div><div class="battle-history"><small>Magearna's Speed won't go any higher!</small><br></div><div class="battle-history"><small>Magearna's Attack rose!</small><br></div><div class="spacer battle-history"><br></div><h2 class="battle-history">Turn 23</h2><div class="spacer battle-history"><br></div><div class="battle-history">The opposing Mawile used <strong>Sucker Punch</strong>!<br></div><div class="battle-history"><small>But it failed!</small><br></div><div class="spacer battle-history"><br></div><div class="battle-history">Magearna used <strong>Shift Gear</strong>!<br></div><div class="battle-history"><small>Magearna's Speed won't go any higher!</small><br></div><div class="battle-history"><small>Magearna's Attack rose!</small><br></div><div class="spacer battle-history"><br></div><h2 class="battle-history">Turn 24</h2><div class="chat"><small> I Game HArd renamed from we.</small></div><div class="chat message-error">wg scholar has 120 seconds left.</div><div class="chat"><small> passion! joined.</small></div><div class="spacer battle-history"><br></div><div class="battle-history">The opposing Mawile used <strong>Sucker Punch</strong>!<br></div><div class="battle-history"><small>But it failed!</small><br></div><div class="spacer battle-history"><br></div><div class="battle-history">Magearna used <strong>Shift Gear</strong>!<br></div><div class="battle-history"><small>Magearna's Speed won't go any higher!</small><br></div><div class="battle-history"><small>Magearna's Attack rose!</small><br></div><div class="spacer battle-history"><br></div><h2 class="battle-history">Turn 25</h2><div class="chat"><small> we renamed from igamehard.</small></div><div class="chat"><small> hand relief joined.</small></div><div class="chat message-error">wg scholar has 90 seconds left.</div><div class="chat chatmessage-handrelief"><strong style="color:hsl(161,75%,33%)"><small> </small><span class="username" data-name="hand relief">hand relief</span>:</strong> <em>SO I SUCCER</em></div><div class="chat chatmessage-handrelief"><strong style="color:hsl(161,75%,33%)"><small> </small><span class="username" data-name="hand relief">hand relief</span>:</strong> <em>SO I SUCCER</em></div><div class="chat chatmessage-handrelief"><strong style="color:hsl(161,75%,33%)"><small> </small><span class="username" data-name="hand relief">hand relief</span>:</strong> <em>TO I SUCCER</em></div><div class="chat chatmessage-handrelief"><strong style="color:hsl(161,75%,33%)"><small> </small><span class="username" data-name="hand relief">hand relief</span>:</strong> <em>TO I SUCCER</em></div><div class="chat chatmessage-handrelief"><strong style="color:hsl(161,75%,33%)"><small> </small><span class="username" data-name="hand relief">hand relief</span>:</strong> <em>TO I SUCCER????????????</em></div><div class="spacer battle-history"><br></div><div class="battle-history">The opposing Mawile used <strong>Sucker Punch</strong>!<br></div><div class="battle-history"><small>It's not very effective...</small><br></div><div class="battle-history"><small>(Magearna lost 2% of its health!)</small><br></div><div class="spacer battle-history"><br></div><div class="battle-history">Magearna fainted!<br></div><div class="spacer battle-history"><br></div><div class="battle-history">Go! <strong>Charizard</strong>!<br></div><div class="battle-history"><small>Pointed stones dug into Charizard!</small><br></div><div class="spacer battle-history"><br></div><h2 class="battle-history">Turn 26</h2><div class="spacer battle-history"><br></div><div class="battle-history">Charizard used <strong>Roost</strong>!<br></div><div class="battle-history"><small>Charizard restored its HP.</small><br></div><div class="battle-history"><small>(Charizard loses Flying type this turn.)</small><br></div><div class="spacer battle-history"><br></div><div class="battle-history">The opposing Mawile used <strong>Play Rough</strong>!<br></div><div class="battle-history"><small>It's not very effective...</small><br></div><div class="battle-history"><small>(Charizard lost 65% of its health!)</small><br></div><div class="spacer battle-history"><br></div><h2 class="battle-history">Turn 27</h2><div class="spacer battle-history"><br></div><div class="battle-history">Charizard used <strong>Roost</strong>!<br></div><div class="battle-history"><small>Charizard restored its HP.</small><br></div><div class="battle-history"><small>(Charizard loses Flying type this turn.)</small><br></div><div class="spacer battle-history"><br></div><div class="battle-history">The opposing Mawile used <strong>Knock Off</strong>!<br></div><div class="battle-history"><small>(Charizard lost 60% of its health!)</small><br></div><div class="spacer battle-history"><br></div><h2 class="battle-history">Turn 28</h2><div class="spacer battle-history"><br></div><div class="battle-history">Charizard used <strong>Roost</strong>!<br></div><div class="battle-history"><small>Charizard restored its HP.</small><br></div><div class="battle-history"><small>(Charizard loses Flying type this turn.)</small><br></div><div class="spacer battle-history"><br></div><div class="battle-history">The opposing Mawile used <strong>Knock Off</strong>!<br></div><div class="battle-history"><small>(Charizard lost 64% of its health!)</small><br></div><div class="spacer battle-history"><br></div><h2 class="battle-history">Turn 29</h2><div class="spacer battle-history"><br></div><div class="battle-history"><small>Charizard's Charizardite X is reacting to the Key Stone!</small><br>Charizard has Mega Evolved into Mega Charizard!<br></div><div class="spacer battle-history"><br></div><div class="battle-history">Charizard used <strong>Earthquake</strong>!<br></div><div class="battle-history"><small>It's super effective!</small><br></div><div class="battle-history"><small>(The opposing Mawile lost 81% of its health!)</small><br></div><div class="spacer battle-history"><br></div><div class="battle-history">The opposing Mawile used <strong>Knock Off</strong>!<br></div><div class="battle-history"><small>(Charizard lost 12% of its health!)</small><br></div><div class="spacer battle-history"><br></div><div class="battle-history">Charizard fainted!<br></div><div class="spacer battle-history"><br></div><div class="battle-history"><strong>carrot jefrrey</strong> won the battle!<br></div><div class="chat chatmessage-carrotjefrrey"><strong style="color:hsl(9,51%,50.037698154072736%)"><small>☆</small><span class="username" data-name="carrot jefrrey">carrot jefrrey</span>:</strong> <em>GG</em></div><div class="chat">wg scholar's rating: 1945 → <strong>1916</strong><br>(-29 for losing)</div><div class="chat">carrot jefrrey's rating: 1787 → <strong>1816</strong><br>(+29 for winning)</div><div class="chat chatmessage-carrotjefrrey"><strong style="color:hsl(9,51%,50.037698154072736%)"><small>☆</small><span class="username" data-name="carrot jefrrey">carrot jefrrey</span>:</strong> <em>gamer</em></div><div class="chat"><small>☆wg scholar left.</small></div><div class="chat"><small>☆carrot jefrrey left.</small></div><div class="chat"><small> ima joined.</small></div><div class="chat"><small> ima left.</small></div><div class="chat"><small> ima joined.</small></div><div class="chat"><small> ima left.</small></div><div class="chat"><small> I_LLUMINAT_I left.</small></div><div class="chat"><small> skarmpissisback left.</small></div><div class="chat"><small> curiosity joined.</small></div><div class="chat"><small> curiosity left.</small></div><div class="chat"><small> SteveT left.</small></div><div class="chat"><small> passion! left.</small></div><div class="chat"><small> jefrrey left.</small></div><div class="chat"><small> we left.</small></div><div class="chat"><small> teejin left.</small></div><div class="chat"><small> Ragingtrainerx2 left.</small></div><div class="chat"><small>☆carrot jefrrey joined.</small></div><div class="chat"><small> skarmpissisback joined.</small></div><div class="chat"><small> we joined.</small></div></div><div class="inner-preempt"></div></div></div>
</div>
<script>
let daily = Math.floor(Date.now()/1000/60/60/24);document.write('<script src="https://play.pokemonshowdown.com/js/replay-embed.js?version'+daily+'"></'+'script>');
</script>
