<!DOCTYPE html>
<meta charset="utf-8" />
<!-- version 1 -->
<title>[Gen 7] OU replay: Latias vs. croo</title>
<style>
html,body {font-family:Verdana, sans-serif;font-size:10pt;margin:0;padding:0;}body{padding:12px 0;} .battle-log {font-family:Verdana, sans-serif;font-size:10pt;} .battle-log-inline {border:1px solid #AAAAAA;background:#EEF2F5;color:black;max-width:640px;margin:0 auto 80px;padding-bottom:5px;} .battle-log .inner {padding:4px 8px 0px 8px;} .battle-log .inner-preempt {padding:0 8px 4px 8px;} .battle-log .inner-after {margin-top:0.5em;} .battle-log h2 {margin:0.5em -8px;padding:4px 8px;border:1px solid #AAAAAA;background:#E0E7EA;border-left:0;border-right:0;font-family:Verdana, sans-serif;font-size:13pt;} .battle-log .chat {vertical-align:middle;padding:3px 0 3px 0;font-size:8pt;} .battle-log .chat strong {color:#40576A;} .battle-log .chat em {padding:1px 4px 1px 3px;color:#000000;font-style:normal;} .chat.mine {background:rgba(0,0,0,0.05);margin-left:-8px;margin-right:-8px;padding-left:8px;padding-right:8px;} .spoiler {color:#BBBBBB;background:#BBBBBB;padding:0px 3px;} .spoiler:hover, .spoiler:active, .spoiler-shown {color:#000000;background:#E2E2E2;padding:0px 3px;} .spoiler a {color:#BBBBBB;} .spoiler:hover a, .spoiler:active a, .spoiler-shown a {color:#2288CC;} .chat code, .chat .spoiler:hover code, .chat .spoiler:active code, .chat .spoiler-shown code {border:1px solid #C0C0C0;background:#EEEEEE;color:black;padding:0 2px;} .chat .spoiler code {border:1px solid #CCCCCC;background:#CCCCCC;color:#CCCCCC;} .battle-log .rated {padding:3px 4px;} .battle-log .rated strong {color:white;background:#89A;padding:1px 4px;border-radius:4px;} .spacer {margin-top:0.5em;} .message-announce {background:#6688AA;color:white;padding:1px 4px 2px;} .message-announce a, .broadcast-green a, .broadcast-blue a, .broadcast-red a {color:#DDEEFF;} .broadcast-green {background-color:#559955;color:white;padding:2px 4px;} .broadcast-blue {background-color:#6688AA;color:white;padding:2px 4px;} .infobox {border:1px solid #6688AA;padding:2px 4px;} .infobox-limited {max-height:200px;overflow:auto;overflow-x:hidden;} .broadcast-red {background-color:#AA5544;color:white;padding:2px 4px;} .message-learn-canlearn {font-weight:bold;color:#228822;text-decoration:underline;} .message-learn-cannotlearn {font-weight:bold;color:#CC2222;text-decoration:underline;} .message-effect-weak {font-weight:bold;color:#CC2222;} .message-effect-resist {font-weight:bold;color:#6688AA;} .message-effect-immune {font-weight:bold;color:#666666;} .message-learn-list {margin-top:0;margin-bottom:0;} .message-throttle-notice, .message-error {color:#992222;} .message-overflow, .chat small.message-overflow {font-size:0pt;} .message-overflow::before {font-size:9pt;content:'...';} .subtle {color:#3A4A66;}
</style>
<div class="wrapper replay-wrapper" style="max-width:1180px;margin:0 auto">
<input type="hidden" name="replayid" value="smogtours-gen7ou-433050" />
<div class="battle"></div><div class="battle-log"></div><div class="replay-controls"></div><div class="replay-controls-2"></div>
<h1 style="font-weight:normal;text-align:center"><strong>[Gen 7] OU</strong><br /><a href="http://pokemonshowdown.com/users/latias" class="subtle" target="_blank">Latias</a> vs. <a href="http://pokemonshowdown.com/users/croo" class="subtle" target="_blank">croo</a></h1>
<script type="text/plain" class="battle-log-data">|inactive|Battle timer is ON: inactive players will automatically lose when time's up.
|player|p1|Latias|may-gen3
|player|p2|croo|flannery-gen3
|teamsize|p1|6
|teamsize|p2|6
|gametype|singles
|gen|7
|tier|[Gen 7] OU
|rule|Sleep Clause Mod: Limit one foe put to sleep
|rule|Species Clause: Limit one of each Pokémon
|rule|OHKO Clause: OHKO moves are banned
|rule|Moody Clause: Moody is banned
|rule|Evasion Moves Clause: Evasion moves are banned
|rule|Endless Battle Clause: Forcing endless battles is banned
|rule|HP Percentage Mod: HP is shown in percentages
|clearpoke
|poke|p1|Latios, M|item
|poke|p1|Magnezone|item
|poke|p1|Landorus-Therian, M|item
|poke|p1|Jirachi|item
|poke|p1|Toxapex, F|item
|poke|p1|Kartana|item
|poke|p2|Pelipper, F|item
|poke|p2|Swampert, M|item
|poke|p2|Manaphy|item
|poke|p2|Ferrothorn, F|item
|poke|p2|Tornadus-Therian, M|item
|poke|p2|Tapu Koko|item
|teampreview
|c|☆Latias|hf
|c|+blarghlfarghl|out of retirement???
|c|☆Latias|just playing 4 fun
|inactive|croo disconnected and has 300 seconds to reconnect!
|player|p2|
|inactive|croo reconnected and has 280 seconds left.
|player|p2|croo|flannery-gen3
|inactive|croo has 270 seconds left.
|c|☆croo|hf
|
|start
|switch|p1a: Latios|Latios, M|100\/100
|switch|p2a: Pelipper|Pelipper, F|100\/100
|-weather|RainDance|[from] ability: Drizzle|[of] p2a: Pelipper
|turn|1
|inactive|croo has 270 seconds left.
|
|switch|p2a: Ferrothorn|Ferrothorn, F|100\/100
|detailschange|p1a: Latios|Latios-Mega, M
|-mega|p1a: Latios|Latios|Latiosite
|move|p1a: Latios|Psychic|p2a: Ferrothorn
|-resisted|p2a: Ferrothorn
|-damage|p2a: Ferrothorn|84\/100
|
|-weather|RainDance|[upkeep]
|-heal|p2a: Ferrothorn|90\/100|[from] item: Leftovers
|upkeep
|turn|2
|
|switch|p1a: Landorus|Landorus-Therian, M|100\/100
|-ability|p1a: Landorus|Intimidate|boost
|-unboost|p2a: Ferrothorn|atk|1
|move|p2a: Ferrothorn|Stealth Rock|p1a: Landorus
|-sidestart|p1: Latias|move: Stealth Rock
|
|-weather|RainDance|[upkeep]
|-heal|p2a: Ferrothorn|97\/100|[from] item: Leftovers
|upkeep
|turn|3
|
|switch|p2a: Swampert|Swampert, M|100\/100
|move|p1a: Landorus|Stealth Rock|p2a: Swampert
|-sidestart|p2: croo|move: Stealth Rock
|
|-weather|RainDance|[upkeep]
|upkeep
|turn|4
|
|switch|p1a: Kartana|Kartana|100\/100
|-damage|p1a: Kartana|94\/100|[from] Stealth Rock
|detailschange|p2a: Swampert|Swampert-Mega, M
|-mega|p2a: Swampert|Swampert|Swampertite
|move|p2a: Swampert|Waterfall|p1a: Kartana
|-resisted|p1a: Kartana
|-damage|p1a: Kartana|55\/100
|
|-weather|RainDance|[upkeep]
|upkeep
|turn|5
|
|switch|p1a: Latios|Latios-Mega, M|100\/100
|-damage|p1a: Latios|88\/100|[from] Stealth Rock
|switch|p2a: Tornadus|Tornadus-Therian, M|100\/100
|-damage|p2a: Tornadus|76\/100|[from] Stealth Rock
|
|-weather|RainDance|[upkeep]
|upkeep
|turn|6
|
|move|p2a: Tornadus|U-turn|p1a: Latios
|-supereffective|p1a: Latios
|-damage|p1a: Latios|54\/100
|
|switch|p2a: Ferrothorn|Ferrothorn, F|97\/100
|-damage|p2a: Ferrothorn|90\/100|[from] Stealth Rock
|move|p1a: Latios|Recover|p1a: Latios
|-heal|p1a: Latios|100\/100
|
|-weather|RainDance|[upkeep]
|-heal|p2a: Ferrothorn|97\/100|[from] item: Leftovers
|upkeep
|turn|7
|
|move|p1a: Latios|Psychic|p2a: Ferrothorn
|-resisted|p2a: Ferrothorn
|-damage|p2a: Ferrothorn|77\/100
|move|p2a: Ferrothorn|Spikes|p1a: Latios
|-sidestart|p1: Latias|Spikes
|
|-weather|RainDance|[upkeep]
|-heal|p2a: Ferrothorn|84\/100|[from] item: Leftovers
|upkeep
|turn|8
|
|switch|p2a: Tornadus|Tornadus-Therian, M|100\/100
|-damage|p2a: Tornadus|76\/100|[from] Stealth Rock
|move|p1a: Latios|Psychic|p2a: Tornadus
|-damage|p2a: Tornadus|14\/100
|
|-weather|none
|upkeep
|turn|9
|
|move|p2a: Tornadus|U-turn|p1a: Latios
|-supereffective|p1a: Latios
|-damage|p1a: Latios|70\/100
|
|switch|p2a: Ferrothorn|Ferrothorn, F|84\/100
|-damage|p2a: Ferrothorn|77\/100|[from] Stealth Rock
|move|p1a: Latios|Recover|p1a: Latios
|-heal|p1a: Latios|100\/100
|
|-heal|p2a: Ferrothorn|84\/100|[from] item: Leftovers
|upkeep
|turn|10
|
|move|p1a: Latios|Psychic|p2a: Ferrothorn
|-resisted|p2a: Ferrothorn
|-damage|p2a: Ferrothorn|65\/100
|move|p2a: Ferrothorn|Knock Off|p1a: Latios
|-supereffective|p1a: Latios
|-damage|p1a: Latios|68\/100
|
|-heal|p2a: Ferrothorn|71\/100|[from] item: Leftovers
|upkeep
|turn|11
|
|move|p1a: Latios|Psychic|p2a: Ferrothorn
|-resisted|p2a: Ferrothorn
|-damage|p2a: Ferrothorn|55\/100
|move|p2a: Ferrothorn|Knock Off|p1a: Latios
|-supereffective|p1a: Latios
|-damage|p1a: Latios|37\/100
|
|-heal|p2a: Ferrothorn|61\/100|[from] item: Leftovers
|upkeep
|turn|12
|
|move|p1a: Latios|Recover|p1a: Latios
|-heal|p1a: Latios|88\/100
|move|p2a: Ferrothorn|Knock Off|p1a: Latios
|-supereffective|p1a: Latios
|-damage|p1a: Latios|53\/100
|
|-heal|p2a: Ferrothorn|67\/100|[from] item: Leftovers
|upkeep
|turn|13
|
|move|p1a: Latios|Recover|p1a: Latios
|-heal|p1a: Latios|100\/100
|move|p2a: Ferrothorn|Knock Off|p1a: Latios
|-supereffective|p1a: Latios
|-crit|p1a: Latios
|-damage|p1a: Latios|55\/100
|
|-heal|p2a: Ferrothorn|74\/100|[from] item: Leftovers
|upkeep
|turn|14
|
|move|p1a: Latios|Recover|p1a: Latios
|-heal|p1a: Latios|100\/100
|move|p2a: Ferrothorn|Knock Off|p1a: Latios
|-supereffective|p1a: Latios
|-damage|p1a: Latios|69\/100
|
|-heal|p2a: Ferrothorn|80\/100|[from] item: Leftovers
|upkeep
|turn|15
|
|move|p1a: Latios|Psychic|p2a: Ferrothorn
|-resisted|p2a: Ferrothorn
|-damage|p2a: Ferrothorn|61\/100
|move|p2a: Ferrothorn|Knock Off|p1a: Latios
|-supereffective|p1a: Latios
|-damage|p1a: Latios|39\/100
|
|-heal|p2a: Ferrothorn|67\/100|[from] item: Leftovers
|upkeep
|turn|16
|
|move|p1a: Latios|Recover|p1a: Latios
|-heal|p1a: Latios|90\/100
|move|p2a: Ferrothorn|Knock Off|p1a: Latios
|-supereffective|p1a: Latios
|-damage|p1a: Latios|58\/100
|
|-heal|p2a: Ferrothorn|74\/100|[from] item: Leftovers
|upkeep
|turn|17
|
|switch|p1a: Magnezone|Magnezone|100\/100
|-damage|p1a: Magnezone|94\/100|[from] Stealth Rock
|-damage|p1a: Magnezone|82\/100|[from] Spikes
|move|p2a: Ferrothorn|Knock Off|p1a: Magnezone
|-damage|p1a: Magnezone|66\/100
|
|-heal|p2a: Ferrothorn|80\/100|[from] item: Leftovers
|upkeep
|turn|18
|
|move|p1a: Magnezone|Hidden Power|p2a: Ferrothorn
|-supereffective|p2a: Ferrothorn
|-damage|p2a: Ferrothorn|15\/100
|move|p2a: Ferrothorn|Spikes|p1a: Magnezone
|-sidestart|p1: Latias|Spikes
|
|-heal|p2a: Ferrothorn|21\/100|[from] item: Leftovers
|upkeep
|turn|19
|
|move|p1a: Magnezone|Hidden Power|p2a: Ferrothorn
|-supereffective|p2a: Ferrothorn
|-damage|p2a: Ferrothorn|0 fnt
|faint|p2a: Ferrothorn
|
|upkeep
|
|switch|p2a: Pelipper|Pelipper, F|100\/100
|-damage|p2a: Pelipper|76\/100|[from] Stealth Rock
|-weather|RainDance|[from] ability: Drizzle|[of] p2a: Pelipper
|turn|20
|
|switch|p2a: Swampert|Swampert-Mega, M|100\/100
|-damage|p2a: Swampert|94\/100|[from] Stealth Rock
|move|p1a: Magnezone|Substitute|p1a: Magnezone
|-start|p1a: Magnezone|Substitute
|-damage|p1a: Magnezone|41\/100
|
|-weather|RainDance|[upkeep]
|upkeep
|turn|21
|
|move|p2a: Swampert|Waterfall|p1a: Magnezone
|-end|p1a: Magnezone|Substitute
|move|p1a: Magnezone|Substitute|p1a: Magnezone
|-start|p1a: Magnezone|Substitute
|-damage|p1a: Magnezone|16\/100
|
|-weather|RainDance|[upkeep]
|upkeep
|turn|22
|
|move|p2a: Swampert|Waterfall|p1a: Magnezone
|-end|p1a: Magnezone|Substitute
|move|p1a: Magnezone|Flash Cannon|p2a: Swampert
|-resisted|p2a: Swampert
|-damage|p2a: Swampert|71\/100
|
|-weather|RainDance|[upkeep]
|upkeep
|turn|23
|
|move|p2a: Swampert|Waterfall|p1a: Magnezone
|-damage|p1a: Magnezone|0 fnt
|faint|p1a: Magnezone
|
|-weather|RainDance|[upkeep]
|upkeep
|
|switch|p1a: Kartana|Kartana|55\/100
|-damage|p1a: Kartana|48\/100|[from] Stealth Rock
|-damage|p1a: Kartana|32\/100|[from] Spikes
|turn|24
|
|move|p1a: Kartana|Leaf Blade|p2a: Swampert
|-supereffective|p2a: Swampert
|-crit|p2a: Swampert
|-damage|p2a: Swampert|0 fnt
|faint|p2a: Swampert
|-ability|p1a: Kartana|Beast Boost|boost
|-boost|p1a: Kartana|atk|1
|
|-weather|RainDance|[upkeep]
|upkeep
|c|☆croo|hard to prevent the sweep 
|c|☆croo|gg
|
|switch|p2a: Pelipper|Pelipper, F|76\/100
|-damage|p2a: Pelipper|51\/100|[from] Stealth Rock
|turn|25
|
|move|p1a: Kartana|Leaf Blade|p2a: Pelipper
|-damage|p2a: Pelipper|0 fnt
|faint|p2a: Pelipper
|-ability|p1a: Kartana|Beast Boost|boost
|-boost|p1a: Kartana|atk|1
|
|-weather|RainDance|[upkeep]
|upkeep
|-message|croo forfeited.
|
|win|Latias
</script>
</div>
<div class="battle-log battle-log-inline"><div class="inner"><div class="battle-options"></div><div class="inner"><div class="chat message-error">Battle timer is ON: inactive players will automatically lose when time's up.</div><div class=""><small>Format:</small> <br><strong>[Gen 7] OU</strong></div><div class=""><small><em>Sleep Clause Mod:</em> Limit one foe put to sleep</small></div><div class=""><small><em>Species Clause:</em> Limit one of each Pokémon</small></div><div class=""><small><em>OHKO Clause:</em> OHKO moves are banned</small></div><div class=""><small><em>Moody Clause:</em> Moody is banned</small></div><div class=""><small><em>Evasion Moves Clause:</em> Evasion moves are banned</small></div><div class=""><small><em>Endless Battle Clause:</em> Forcing endless battles is banned</small></div><div class=""><small><em>HP Percentage Mod:</em> HP is shown in percentages</small></div><div class="chat battle-history"><strong>Latias's team:</strong> <em style="color:#445566;display:block;">Latios / Magnezone / Landorus-Therian / Jirachi / Toxapex / Kartana</em></div><div class="chat battle-history"><strong>croo's team:</strong> <em style="color:#445566;display:block;">Pelipper / Swampert / Manaphy / Ferrothorn / Tornadus-Therian / Tapu Koko</em></div><div class="chat chatmessage-latias"><strong style="color:hsl(130,68%,39.14419187646464%)"><small>☆</small><span class="username" data-name="Latias">Latias</span>:</strong> <em>hf</em></div><div class="chat chatmessage-blarghlfarghl"><strong style="color:hsl(171,42%,47.789537406935466%)"><small>+</small><span class="username" data-name="blarghlfarghl">blarghlfarghl</span>:</strong> <em>out of retirement???</em></div><div class="chat chatmessage-latias"><strong style="color:hsl(130,68%,39.14419187646464%)"><small>☆</small><span class="username" data-name="Latias">Latias</span>:</strong> <em>just playing 4 fun</em></div><div class="chat message-error">croo disconnected and has 300 seconds to reconnect!</div><div class="chat message-error">croo reconnected and has 280 seconds left.</div><div class="chat message-error">croo has 270 seconds left.</div><div class="chat chatmessage-croo"><strong style="color:hsl(192,58%,42%)"><small>☆</small><span class="username" data-name="croo">croo</span>:</strong> <em>hf</em></div><div class="spacer battle-history"><br></div><div class="battle-history">Battle started between Latias and croo!<br></div><div class="spacer battle-history"><br></div><div class="battle-history">Go! <strong>Latios</strong>!<br></div><div class="spacer battle-history"><br></div><div class="battle-history">croo sent out <strong>Pelipper</strong>!<br></div><div class="battle-history"><small>[The opposing Pelipper's Drizzle]</small><br><small>It started to rain!</small><br></div><div class="spacer battle-history"><br></div><h2 class="battle-history">Turn 1</h2><div class="chat message-error">croo has 270 seconds left.</div><div class="spacer battle-history"><br></div><div class="battle-history">croo withdrew Pelipper!<br></div><div class="battle-history">croo sent out <strong>Ferrothorn</strong>!<br></div><div class="spacer battle-history"><br></div><div class="battle-history"><small>Latios's Latiosite is reacting to the Key Stone!</small><br>Latios has Mega Evolved into Mega Latios!<br></div><div class="spacer battle-history"><br></div><div class="battle-history">Latios used <strong>Psychic</strong>!<br></div><div class="battle-history"><small>It's not very effective...</small><br></div><div class="battle-history"><small>(The opposing Ferrothorn lost 16% of its health!)</small><br></div><div class="spacer battle-history"><br></div><div class="battle-history"><small>(Rain continues to fall!)</small><br></div><div class="battle-history"><small>The opposing Ferrothorn restored a little HP using its Leftovers!</small><br></div><div class="spacer battle-history"><br></div><h2 class="battle-history">Turn 2</h2><div class="spacer battle-history"><br></div><div class="battle-history">Latios, come back!<br></div><div class="battle-history">Go! Landorus (<strong>Landorus-Therian</strong>)!<br></div><div class="battle-history"><small>[Landorus's Intimidate]</small><br></div><div class="battle-history"><small>The opposing Ferrothorn's Attack fell!</small><br></div><div class="spacer battle-history"><br></div><div class="battle-history">The opposing Ferrothorn used <strong>Stealth Rock</strong>!<br></div><div class="battle-history"><small>Pointed stones float in the air around your team!</small><br></div><div class="spacer battle-history"><br></div><div class="battle-history"><small>(Rain continues to fall!)</small><br></div><div class="battle-history"><small>The opposing Ferrothorn restored a little HP using its Leftovers!</small><br></div><div class="spacer battle-history"><br></div><h2 class="battle-history">Turn 3</h2><div class="spacer battle-history"><br></div><div class="battle-history">croo withdrew Ferrothorn!<br></div><div class="battle-history">croo sent out <strong>Swampert</strong>!<br></div><div class="spacer battle-history"><br></div><div class="battle-history">Landorus used <strong>Stealth Rock</strong>!<br></div><div class="battle-history"><small>Pointed stones float in the air around the opposing team!</small><br></div><div class="spacer battle-history"><br></div><div class="battle-history"><small>(Rain continues to fall!)</small><br></div><div class="spacer battle-history"><br></div><h2 class="battle-history">Turn 4</h2><div class="spacer battle-history"><br></div><div class="battle-history">Landorus, come back!<br></div><div class="battle-history">Go! <strong>Kartana</strong>!<br></div><div class="battle-history"><small>Pointed stones dug into Kartana!</small><br></div><div class="spacer battle-history"><br></div><div class="battle-history"><small>The opposing Swampert's Swampertite is reacting to the Key Stone!</small><br>The opposing Swampert has Mega Evolved into Mega Swampert!<br></div><div class="spacer battle-history"><br></div><div class="battle-history">The opposing Swampert used <strong>Waterfall</strong>!<br></div><div class="battle-history"><small>It's not very effective...</small><br></div><div class="battle-history"><small>(Kartana lost 39% of its health!)</small><br></div><div class="spacer battle-history"><br></div><div class="battle-history"><small>(Rain continues to fall!)</small><br></div><div class="spacer battle-history"><br></div><h2 class="battle-history">Turn 5</h2><div class="spacer battle-history"><br></div><div class="battle-history">Kartana, come back!<br></div><div class="battle-history">Go! Latios (<strong>Latios-Mega</strong>)!<br></div><div class="battle-history"><small>Pointed stones dug into Latios!</small><br></div><div class="spacer battle-history"><br></div><div class="battle-history">croo withdrew Swampert!<br></div><div class="battle-history">croo sent out Tornadus (<strong>Tornadus-Therian</strong>)!<br></div><div class="battle-history"><small>Pointed stones dug into the opposing Tornadus!</small><br></div><div class="spacer battle-history"><br></div><div class="battle-history"><small>(Rain continues to fall!)</small><br></div><div class="spacer battle-history"><br></div><h2 class="battle-history">Turn 6</h2><div class="spacer battle-history"><br></div><div class="battle-history">The opposing Tornadus used <strong>U-turn</strong>!<br></div><div class="battle-history"><small>It's super effective!</small><br></div><div class="battle-history"><small>(Latios lost 34% of its health!)</small><br></div><div class="spacer battle-history"><br></div><div class="battle-history">The opposing Tornadus went back to croo!<br></div><div class="battle-history">croo sent out <strong>Ferrothorn</strong>!<br></div><div class="battle-history"><small>Pointed stones dug into the opposing Ferrothorn!</small><br></div><div class="spacer battle-history"><br></div><div class="battle-history">Latios used <strong>Recover</strong>!<br></div><div class="battle-history"><small>Latios restored its HP.</small><br></div><div class="spacer battle-history"><br></div><div class="battle-history"><small>(Rain continues to fall!)</small><br></div><div class="battle-history"><small>The opposing Ferrothorn restored a little HP using its Leftovers!</small><br></div><div class="spacer battle-history"><br></div><h2 class="battle-history">Turn 7</h2><div class="spacer battle-history"><br></div><div class="battle-history">Latios used <strong>Psychic</strong>!<br></div><div class="battle-history"><small>It's not very effective...</small><br></div><div class="battle-history"><small>(The opposing Ferrothorn lost 20% of its health!)</small><br></div><div class="spacer battle-history"><br></div><div class="battle-history">The opposing Ferrothorn used <strong>Spikes</strong>!<br></div><div class="battle-history"><small>Spikes were scattered on the ground all around your team!</small><br></div><div class="spacer battle-history"><br></div><div class="battle-history"><small>(Rain continues to fall!)</small><br></div><div class="battle-history"><small>The opposing Ferrothorn restored a little HP using its Leftovers!</small><br></div><div class="spacer battle-history"><br></div><h2 class="battle-history">Turn 8</h2><div class="spacer battle-history"><br></div><div class="battle-history">croo withdrew Ferrothorn!<br></div><div class="battle-history">croo sent out Tornadus (<strong>Tornadus-Therian</strong>)!<br></div><div class="battle-history"><small>Pointed stones dug into the opposing Tornadus!</small><br></div><div class="spacer battle-history"><br></div><div class="battle-history">Latios used <strong>Psychic</strong>!<br></div><div class="battle-history"><small>(The opposing Tornadus lost 62% of its health!)</small><br></div><div class="spacer battle-history"><br></div><div class="battle-history"><small>The rain stopped.</small><br></div><div class="spacer battle-history"><br></div><h2 class="battle-history">Turn 9</h2><div class="spacer battle-history"><br></div><div class="battle-history">The opposing Tornadus used <strong>U-turn</strong>!<br></div><div class="battle-history"><small>It's super effective!</small><br></div><div class="battle-history"><small>(Latios lost 30% of its health!)</small><br></div><div class="spacer battle-history"><br></div><div class="battle-history">The opposing Tornadus went back to croo!<br></div><div class="battle-history">croo sent out <strong>Ferrothorn</strong>!<br></div><div class="battle-history"><small>Pointed stones dug into the opposing Ferrothorn!</small><br></div><div class="spacer battle-history"><br></div><div class="battle-history">Latios used <strong>Recover</strong>!<br></div><div class="battle-history"><small>Latios restored its HP.</small><br></div><div class="spacer battle-history"><br></div><div class="battle-history"><small>The opposing Ferrothorn restored a little HP using its Leftovers!</small><br></div><div class="spacer battle-history"><br></div><h2 class="battle-history">Turn 10</h2><div class="spacer battle-history"><br></div><div class="battle-history">Latios used <strong>Psychic</strong>!<br></div><div class="battle-history"><small>It's not very effective...</small><br></div><div class="battle-history"><small>(The opposing Ferrothorn lost 19% of its health!)</small><br></div><div class="spacer battle-history"><br></div><div class="battle-history">The opposing Ferrothorn used <strong>Knock Off</strong>!<br></div><div class="battle-history"><small>It's super effective!</small><br></div><div class="battle-history"><small>(Latios lost 32% of its health!)</small><br></div><div class="spacer battle-history"><br></div><div class="battle-history"><small>The opposing Ferrothorn restored a little HP using its Leftovers!</small><br></div><div class="spacer battle-history"><br></div><h2 class="battle-history">Turn 11</h2><div class="spacer battle-history"><br></div><div class="battle-history">Latios used <strong>Psychic</strong>!<br></div><div class="battle-history"><small>It's not very effective...</small><br></div><div class="battle-history"><small>(The opposing Ferrothorn lost 16% of its health!)</small><br></div><div class="spacer battle-history"><br></div><div class="battle-history">The opposing Ferrothorn used <strong>Knock Off</strong>!<br></div><div class="battle-history"><small>It's super effective!</small><br></div><div class="battle-history"><small>(Latios lost 31% of its health!)</small><br></div><div class="spacer battle-history"><br></div><div class="battle-history"><small>The opposing Ferrothorn restored a little HP using its Leftovers!</small><br></div><div class="spacer battle-history"><br></div><h2 class="battle-history">Turn 12</h2><div class="spacer battle-history"><br></div><div class="battle-history">Latios used <strong>Recover</strong>!<br></div><div class="battle-history"><small>Latios restored its HP.</small><br></div><div class="spacer battle-history"><br></div><div class="battle-history">The opposing Ferrothorn used <strong>Knock Off</strong>!<br></div><div class="battle-history"><small>It's super effective!</small><br></div><div class="battle-history"><small>(Latios lost 35% of its health!)</small><br></div><div class="spacer battle-history"><br></div><div class="battle-history"><small>The opposing Ferrothorn restored a little HP using its Leftovers!</small><br></div><div class="spacer battle-history"><br></div><h2 class="battle-history">Turn 13</h2><div class="spacer battle-history"><br></div><div class="battle-history">Latios used <strong>Recover</strong>!<br></div><div class="battle-history"><small>Latios restored its HP.</small><br></div><div class="spacer battle-history"><br></div><div class="battle-history">The opposing Ferrothorn used <strong>Knock Off</strong>!<br></div><div class="battle-history"><small>It's super effective!</small><br></div><div class="battle-history"><small>A critical hit!</small><br></div><div class="battle-history"><small>(Latios lost 45% of its health!)</small><br></div><div class="spacer battle-history"><br></div><div class="battle-history"><small>The opposing Ferrothorn restored a little HP using its Leftovers!</small><br></div><div class="spacer battle-history"><br></div><h2 class="battle-history">Turn 14</h2><div class="spacer battle-history"><br></div><div class="battle-history">Latios used <strong>Recover</strong>!<br></div><div class="battle-history"><small>Latios restored its HP.</small><br></div><div class="spacer battle-history"><br></div><div class="battle-history">The opposing Ferrothorn used <strong>Knock Off</strong>!<br></div><div class="battle-history"><small>It's super effective!</small><br></div><div class="battle-history"><small>(Latios lost 31% of its health!)</small><br></div><div class="spacer battle-history"><br></div><div class="battle-history"><small>The opposing Ferrothorn restored a little HP using its Leftovers!</small><br></div><div class="spacer battle-history"><br></div><h2 class="battle-history">Turn 15</h2><div class="spacer battle-history"><br></div><div class="battle-history">Latios used <strong>Psychic</strong>!<br></div><div class="battle-history"><small>It's not very effective...</small><br></div><div class="battle-history"><small>(The opposing Ferrothorn lost 19% of its health!)</small><br></div><div class="spacer battle-history"><br></div><div class="battle-history">The opposing Ferrothorn used <strong>Knock Off</strong>!<br></div><div class="battle-history"><small>It's super effective!</small><br></div><div class="battle-history"><small>(Latios lost 30% of its health!)</small><br></div><div class="spacer battle-history"><br></div><div class="battle-history"><small>The opposing Ferrothorn restored a little HP using its Leftovers!</small><br></div><div class="spacer battle-history"><br></div><h2 class="battle-history">Turn 16</h2><div class="spacer battle-history"><br></div><div class="battle-history">Latios used <strong>Recover</strong>!<br></div><div class="battle-history"><small>Latios restored its HP.</small><br></div><div class="spacer battle-history"><br></div><div class="battle-history">The opposing Ferrothorn used <strong>Knock Off</strong>!<br></div><div class="battle-history"><small>It's super effective!</small><br></div><div class="battle-history"><small>(Latios lost 32% of its health!)</small><br></div><div class="spacer battle-history"><br></div><div class="battle-history"><small>The opposing Ferrothorn restored a little HP using its Leftovers!</small><br></div><div class="spacer battle-history"><br></div><h2 class="battle-history">Turn 17</h2><div class="spacer battle-history"><br></div><div class="battle-history">Latios, come back!<br></div><div class="battle-history">Go! <strong>Magnezone</strong>!<br></div><div class="battle-history"><small>Pointed stones dug into Magnezone!</small><br></div><div class="battle-history"><small>Magnezone is hurt by the spikes!</small><br></div><div class="spacer battle-history"><br></div><div class="battle-history">The opposing Ferrothorn used <strong>Knock Off</strong>!<br></div><div class="battle-history"><small>(Magnezone lost 16% of its health!)</small><br></div><div class="spacer battle-history"><br></div><div class="battle-history"><small>The opposing Ferrothorn restored a little HP using its Leftovers!</small><br></div><div class="spacer battle-history"><br></div><h2 class="battle-history">Turn 18</h2><div class="spacer battle-history"><br></div><div class="battle-history">Magnezone used <strong>Hidden Power</strong>!<br></div><div class="battle-history"><small>It's super effective!</small><br></div><div class="battle-history"><small>(The opposing Ferrothorn lost 65% of its health!)</small><br></div><div class="spacer battle-history"><br></div><div class="battle-history">The opposing Ferrothorn used <strong>Spikes</strong>!<br></div><div class="battle-history"><small>Spikes were scattered on the ground all around your team!</small><br></div><div class="spacer battle-history"><br></div><div class="battle-history"><small>The opposing Ferrothorn restored a little HP using its Leftovers!</small><br></div><div class="spacer battle-history"><br></div><h2 class="battle-history">Turn 19</h2><div class="spacer battle-history"><br></div><div class="battle-history">Magnezone used <strong>Hidden Power</strong>!<br></div><div class="battle-history"><small>It's super effective!</small><br></div><div class="battle-history"><small>(The opposing Ferrothorn lost 21% of its health!)</small><br></div><div class="spacer battle-history"><br></div><div class="battle-history">The opposing Ferrothorn fainted!<br></div><div class="spacer battle-history"><br></div><div class="battle-history">croo sent out <strong>Pelipper</strong>!<br></div><div class="battle-history"><small>Pointed stones dug into the opposing Pelipper!</small><br></div><div class="battle-history"><small>[The opposing Pelipper's Drizzle]</small><br><small>It started to rain!</small><br></div><div class="spacer battle-history"><br></div><h2 class="battle-history">Turn 20</h2><div class="spacer battle-history"><br></div><div class="battle-history">croo withdrew Pelipper!<br></div><div class="battle-history">croo sent out Swampert (<strong>Swampert-Mega</strong>)!<br></div><div class="battle-history"><small>Pointed stones dug into the opposing Swampert!</small><br></div><div class="spacer battle-history"><br></div><div class="battle-history">Magnezone used <strong>Substitute</strong>!<br></div><div class="battle-history"><small>Magnezone put in a substitute!</small><br></div><div class="battle-history"><small>(Magnezone lost 25% of its health!)</small><br></div><div class="spacer battle-history"><br></div><div class="battle-history"><small>(Rain continues to fall!)</small><br></div><div class="spacer battle-history"><br></div><h2 class="battle-history">Turn 21</h2><div class="spacer battle-history"><br></div><div class="battle-history">The opposing Swampert used <strong>Waterfall</strong>!<br></div><div class="battle-history"><small>Magnezone's substitute faded!</small><br></div><div class="spacer battle-history"><br></div><div class="battle-history">Magnezone used <strong>Substitute</strong>!<br></div><div class="battle-history"><small>Magnezone put in a substitute!</small><br></div><div class="battle-history"><small>(Magnezone lost 25% of its health!)</small><br></div><div class="spacer battle-history"><br></div><div class="battle-history"><small>(Rain continues to fall!)</small><br></div><div class="spacer battle-history"><br></div><h2 class="battle-history">Turn 22</h2><div class="spacer battle-history"><br></div><div class="battle-history">The opposing Swampert used <strong>Waterfall</strong>!<br></div><div class="battle-history"><small>Magnezone's substitute faded!</small><br></div><div class="spacer battle-history"><br></div><div class="battle-history">Magnezone used <strong>Flash Cannon</strong>!<br></div><div class="battle-history"><small>It's not very effective...</small><br></div><div class="battle-history"><small>(The opposing Swampert lost 23% of its health!)</small><br></div><div class="spacer battle-history"><br></div><div class="battle-history"><small>(Rain continues to fall!)</small><br></div><div class="spacer battle-history"><br></div><h2 class="battle-history">Turn 23</h2><div class="spacer battle-history"><br></div><div class="battle-history">The opposing Swampert used <strong>Waterfall</strong>!<br></div><div class="battle-history"><small>(Magnezone lost 16% of its health!)</small><br></div><div class="spacer battle-history"><br></div><div class="battle-history">Magnezone fainted!<br></div><div class="spacer battle-history"><br></div><div class="battle-history"><small>(Rain continues to fall!)</small><br></div><div class="spacer battle-history"><br></div><div class="battle-history">Go! <strong>Kartana</strong>!<br></div><div class="battle-history"><small>Pointed stones dug into Kartana!</small><br></div><div class="battle-history"><small>Kartana is hurt by the spikes!</small><br></div><div class="spacer battle-history"><br></div><h2 class="battle-history">Turn 24</h2><div class="spacer battle-history"><br></div><div class="battle-history">Kartana used <strong>Leaf Blade</strong>!<br></div><div class="battle-history"><small>It's super effective!</small><br></div><div class="battle-history"><small>A critical hit!</small><br></div><div class="battle-history"><small>(The opposing Swampert lost 71% of its health!)</small><br></div><div class="spacer battle-history"><br></div><div class="battle-history">The opposing Swampert fainted!<br></div><div class="battle-history"><small>[Kartana's Beast Boost]</small><br></div><div class="battle-history"><small>Kartana's Attack rose!</small><br></div><div class="spacer battle-history"><br></div><div class="battle-history"><small>(Rain continues to fall!)</small><br></div><div class="chat chatmessage-croo"><strong style="color:hsl(192,58%,42%)"><small>☆</small><span class="username" data-name="croo">croo</span>:</strong> <em>hard to prevent the sweep </em></div><div class="chat chatmessage-croo"><strong style="color:hsl(192,58%,42%)"><small>☆</small><span class="username" data-name="croo">croo</span>:</strong> <em>gg</em></div><div class="spacer battle-history"><br></div><div class="battle-history">croo sent out <strong>Pelipper</strong>!<br></div><div class="battle-history"><small>Pointed stones dug into the opposing Pelipper!</small><br></div><div class="spacer battle-history"><br></div><h2 class="battle-history">Turn 25</h2><div class="spacer battle-history"><br></div><div class="battle-history">Kartana used <strong>Leaf Blade</strong>!<br></div><div class="battle-history"><small>(The opposing Pelipper lost 51% of its health!)</small><br></div><div class="spacer battle-history"><br></div><div class="battle-history">The opposing Pelipper fainted!<br></div><div class="battle-history"><small>[Kartana's Beast Boost]</small><br></div><div class="battle-history"><small>Kartana's Attack rose!</small><br></div><div class="spacer battle-history"><br></div><div class="battle-history"><small>(Rain continues to fall!)</small><br></div><div class="spacer battle-history"><br></div><div class="battle-history"><small>croo forfeited.</small><br></div><div class="spacer battle-history"><br></div><div class="battle-history"><strong>Latias</strong> won the battle!<br></div></div><div class="inner-preempt"></div></div></div>
</div>
<script>
let daily = Math.floor(Date.now()/1000/60/60/24);document.write('<script src="https://play.pokemonshowdown.com/js/replay-embed.js?version'+daily+'"></'+'script>');
</script>
