<!DOCTYPE html>
<meta charset="utf-8" />
<!-- version 1 -->
<title>[Gen 7] OU replay: sup kid vs. noobpawner78</title>
<style>
html,body {font-family:Verdana, sans-serif;font-size:10pt;margin:0;padding:0;}body{padding:12px 0;} .battle-log {font-family:Verdana, sans-serif;font-size:10pt;} .battle-log-inline {border:1px solid #AAAAAA;background:#EEF2F5;color:black;max-width:640px;margin:0 auto 80px;padding-bottom:5px;} .battle-log .inner {padding:4px 8px 0px 8px;} .battle-log .inner-preempt {padding:0 8px 4px 8px;} .battle-log .inner-after {margin-top:0.5em;} .battle-log h2 {margin:0.5em -8px;padding:4px 8px;border:1px solid #AAAAAA;background:#E0E7EA;border-left:0;border-right:0;font-family:Verdana, sans-serif;font-size:13pt;} .battle-log .chat {vertical-align:middle;padding:3px 0 3px 0;font-size:8pt;} .battle-log .chat strong {color:#40576A;} .battle-log .chat em {padding:1px 4px 1px 3px;color:#000000;font-style:normal;} .chat.mine {background:rgba(0,0,0,0.05);margin-left:-8px;margin-right:-8px;padding-left:8px;padding-right:8px;} .spoiler {color:#BBBBBB;background:#BBBBBB;padding:0px 3px;} .spoiler:hover, .spoiler:active, .spoiler-shown {color:#000000;background:#E2E2E2;padding:0px 3px;} .spoiler a {color:#BBBBBB;} .spoiler:hover a, .spoiler:active a, .spoiler-shown a {color:#2288CC;} .chat code, .chat .spoiler:hover code, .chat .spoiler:active code, .chat .spoiler-shown code {border:1px solid #C0C0C0;background:#EEEEEE;color:black;padding:0 2px;} .chat .spoiler code {border:1px solid #CCCCCC;background:#CCCCCC;color:#CCCCCC;} .battle-log .rated {padding:3px 4px;} .battle-log .rated strong {color:white;background:#89A;padding:1px 4px;border-radius:4px;} .spacer {margin-top:0.5em;} .message-announce {background:#6688AA;color:white;padding:1px 4px 2px;} .message-announce a, .broadcast-green a, .broadcast-blue a, .broadcast-red a {color:#DDEEFF;} .broadcast-green {background-color:#559955;color:white;padding:2px 4px;} .broadcast-blue {background-color:#6688AA;color:white;padding:2px 4px;} .infobox {border:1px solid #6688AA;padding:2px 4px;} .infobox-limited {max-height:200px;overflow:auto;overflow-x:hidden;} .broadcast-red {background-color:#AA5544;color:white;padding:2px 4px;} .message-learn-canlearn {font-weight:bold;color:#228822;text-decoration:underline;} .message-learn-cannotlearn {font-weight:bold;color:#CC2222;text-decoration:underline;} .message-effect-weak {font-weight:bold;color:#CC2222;} .message-effect-resist {font-weight:bold;color:#6688AA;} .message-effect-immune {font-weight:bold;color:#666666;} .message-learn-list {margin-top:0;margin-bottom:0;} .message-throttle-notice, .message-error {color:#992222;} .message-overflow, .chat small.message-overflow {font-size:0pt;} .message-overflow::before {font-size:9pt;content:'...';} .subtle {color:#3A4A66;}
</style>
<div class="wrapper replay-wrapper" style="max-width:1180px;margin:0 auto">
<input type="hidden" name="replayid" value="gen7ou-865291555" />
<div class="battle"></div><div class="battle-log"></div><div class="replay-controls"></div><div class="replay-controls-2"></div>
<h1 style="font-weight:normal;text-align:center"><strong>[Gen 7] OU</strong><br /><a href="http://pokemonshowdown.com/users/supkid" class="subtle" target="_blank">sup kid</a> vs. <a href="http://pokemonshowdown.com/users/noobpawner78" class="subtle" target="_blank">noobpawner78</a></h1>
<script type="text/plain" class="battle-log-data">|j|☆sup kid
|j|☆noobpawner78
|player|p1|sup kid|61
|player|p2|noobpawner78|265
|teamsize|p1|6
|teamsize|p2|6
|gametype|singles
|gen|7
|tier|[Gen 7] OU
|rated|
|rule|Sleep Clause Mod: Limit one foe put to sleep
|rule|Species Clause: Limit one of each Pokémon
|rule|OHKO Clause: OHKO moves are banned
|rule|Moody Clause: Moody is banned
|rule|Evasion Moves Clause: Evasion moves are banned
|rule|Endless Battle Clause: Forcing endless battles is banned
|rule|HP Percentage Mod: HP is shown in percentages
|clearpoke
|poke|p1|Mawile, M|item
|poke|p1|Kartana|item
|poke|p1|Landorus-Therian, M|item
|poke|p1|Manaphy|item
|poke|p1|Clefable, M|item
|poke|p1|Tapu Bulu|item
|poke|p2|Medicham, F|item
|poke|p2|Kartana|item
|poke|p2|Greninja, M|item
|poke|p2|Tapu Koko|item
|poke|p2|Landorus-Therian, M|item
|poke|p2|Magearna|item
|teampreview
|j| pinkrose08
|c|☆noobpawner78|small penis kid
|inactive|Battle timer is ON: inactive players will automatically lose when time's up. (requested by noobpawner78)
|inactive|sup kid has 120 seconds left.
|inactive|sup kid has 90 seconds left.
|j| SchniPoSaLP
|inactive|sup kid has 60 seconds left.
|inactive|sup kid has 30 seconds left.
|inactive|sup kid has 20 seconds left.
|inactive|sup kid has 15 seconds left.
|
|start
|switch|p1a: Landorus|Landorus-Therian, M|100\/100
|switch|p2a: ROLL THRU THE 6|Landorus-Therian, M|100\/100
|-ability|p1a: Landorus|Intimidate|boost
|-unboost|p2a: ROLL THRU THE 6|atk|1
|-ability|p2a: ROLL THRU THE 6|Intimidate|boost
|-unboost|p1a: Landorus|atk|1
|turn|1
|
|move|p1a: Landorus|Stealth Rock|p2a: ROLL THRU THE 6
|-sidestart|p2: noobpawner78|move: Stealth Rock
|move|p2a: ROLL THRU THE 6|Stealth Rock|p1a: Landorus
|-sidestart|p1: sup kid|move: Stealth Rock
|
|upkeep
|turn|2
|inactive|sup kid has 60 seconds left.
|inactive|noobpawner78 has 120 seconds left.
|inactive|noobpawner78 has 90 seconds left.
|
|switch|p1a: Tapu Bulu|Tapu Bulu|100\/100
|-damage|p1a: Tapu Bulu|88\/100|[from] Stealth Rock
|-fieldstart|move: Grassy Terrain|[from] ability: Grassy Surge|[of] p1a: Tapu Bulu
|move|p2a: ROLL THRU THE 6|U-turn|p1a: Tapu Bulu
|-damage|p1a: Tapu Bulu|76\/100
|
|switch|p2a: RIDE WITH THE MOB|Kartana|100\/100
|-damage|p2a: RIDE WITH THE MOB|94\/100|[from] Stealth Rock
|
|-heal|p2a: RIDE WITH THE MOB|100\/100|[from] Grassy Terrain
|-heal|p1a: Tapu Bulu|82\/100|[from] item: Leftovers
|-heal|p1a: Tapu Bulu|88\/100|[from] Grassy Terrain
|upkeep
|turn|3
|
|move|p2a: RIDE WITH THE MOB|Smart Strike|p1a: Tapu Bulu
|-supereffective|p1a: Tapu Bulu
|-damage|p1a: Tapu Bulu|6\/100
|move|p1a: Tapu Bulu|Superpower|p2a: RIDE WITH THE MOB
|-supereffective|p2a: RIDE WITH THE MOB
|-damage|p2a: RIDE WITH THE MOB|28\/100
|-unboost|p1a: Tapu Bulu|atk|1
|-unboost|p1a: Tapu Bulu|def|1
|
|-heal|p2a: RIDE WITH THE MOB|34\/100|[from] Grassy Terrain
|-heal|p1a: Tapu Bulu|12\/100|[from] item: Leftovers
|-heal|p1a: Tapu Bulu|18\/100|[from] Grassy Terrain
|upkeep
|turn|4
|
|move|p1a: Tapu Bulu|Protect|p1a: Tapu Bulu
|-singleturn|p1a: Tapu Bulu|Protect
|move|p2a: RIDE WITH THE MOB|Leaf Blade|p1a: Tapu Bulu
|-activate|p1a: Tapu Bulu|move: Protect
|
|-heal|p2a: RIDE WITH THE MOB|40\/100|[from] Grassy Terrain
|-heal|p1a: Tapu Bulu|24\/100|[from] item: Leftovers
|-heal|p1a: Tapu Bulu|31\/100|[from] Grassy Terrain
|upkeep
|turn|5
|
|switch|p1a: Kartana|Kartana|100\/100
|-damage|p1a: Kartana|94\/100|[from] Stealth Rock
|move|p2a: RIDE WITH THE MOB|Leaf Blade|p1a: Kartana
|-resisted|p1a: Kartana
|-damage|p1a: Kartana|69\/100
|
|-heal|p1a: Kartana|75\/100|[from] Grassy Terrain
|-heal|p2a: RIDE WITH THE MOB|47\/100|[from] Grassy Terrain
|upkeep
|turn|6
|
|switch|p2a: ROLL THRU THE 6|Landorus-Therian, M|100\/100
|-damage|p2a: ROLL THRU THE 6|88\/100|[from] Stealth Rock
|-ability|p2a: ROLL THRU THE 6|Intimidate|boost
|-unboost|p1a: Kartana|atk|1
|move|p1a: Kartana|Sacred Sword|p2a: ROLL THRU THE 6
|-resisted|p2a: ROLL THRU THE 6
|-damage|p2a: ROLL THRU THE 6|78\/100
|
|-heal|p1a: Kartana|82\/100|[from] Grassy Terrain
|-heal|p2a: ROLL THRU THE 6|84\/100|[from] item: Leftovers
|-fieldend|move: Grassy Terrain
|upkeep
|turn|7
|inactive|sup kid has 90 seconds left.
|inactive|noobpawner78 has 120 seconds left.
|
|switch|p1a: Clefable|Clefable, M|100\/100
|move|p2a: ROLL THRU THE 6|U-turn|p1a: Clefable
|-resisted|p1a: Clefable
|-damage|p1a: Clefable|93\/100
|inactive|noobpawner78 has 120 seconds left.
|
|switch|p2a: RIDE WITH THE MOB|Kartana|47\/100
|-damage|p2a: RIDE WITH THE MOB|40\/100|[from] Stealth Rock
|
|-heal|p1a: Clefable|99\/100|[from] item: Leftovers
|upkeep
|turn|8
|
|move|p2a: RIDE WITH THE MOB|Smart Strike|p1a: Clefable
|-supereffective|p1a: Clefable
|-damage|p1a: Clefable|24\/100
|move|p1a: Clefable|Moonblast|p2a: RIDE WITH THE MOB
|-resisted|p2a: RIDE WITH THE MOB
|-damage|p2a: RIDE WITH THE MOB|0 fnt
|faint|p2a: RIDE WITH THE MOB
|
|-heal|p1a: Clefable|30\/100|[from] item: Leftovers
|upkeep
|
|switch|p2a: CLOUT GANG|Medicham, F|100\/100
|-damage|p2a: CLOUT GANG|94\/100|[from] Stealth Rock
|turn|9
|
|detailschange|p2a: CLOUT GANG|Medicham-Mega, F
|-mega|p2a: CLOUT GANG|Medicham|Medichamite
|move|p2a: CLOUT GANG|Ice Punch|p1a: Clefable
|-damage|p1a: Clefable|0 fnt
|faint|p1a: Clefable
|
|upkeep
|inactive|sup kid has 120 seconds left.
|c|☆noobpawner78|change your name
|
|switch|p1a: Mawile|Mawile, M|100\/100
|-damage|p1a: Mawile|94\/100|[from] Stealth Rock
|-ability|p1a: Mawile|Intimidate|boost
|-unboost|p2a: CLOUT GANG|atk|1
|turn|10
|c|☆noobpawner78|to very small penis kid
|
|switch|p2a: ROLL THRU THE 6|Landorus-Therian, M|84\/100
|-damage|p2a: ROLL THRU THE 6|71\/100|[from] Stealth Rock
|-ability|p2a: ROLL THRU THE 6|Intimidate|boost
|-unboost|p1a: Mawile|atk|1
|detailschange|p1a: Mawile|Mawile-Mega, M
|-mega|p1a: Mawile|Mawile|Mawilite
|move|p1a: Mawile|Play Rough|p2a: ROLL THRU THE 6|[miss]
|-miss|p1a: Mawile|p2a: ROLL THRU THE 6
|
|-heal|p2a: ROLL THRU THE 6|77\/100|[from] item: Leftovers
|upkeep
|turn|11
|inactive|sup kid has 120 seconds left.
|inactive|noobpawner78 has 120 seconds left.
|
|move|p2a: ROLL THRU THE 6|Earthquake|p1a: Mawile
|-supereffective|p1a: Mawile
|-damage|p1a: Mawile|6\/100
|move|p1a: Mawile|Play Rough|p2a: ROLL THRU THE 6
|-damage|p2a: ROLL THRU THE 6|36\/100
|
|-heal|p2a: ROLL THRU THE 6|42\/100|[from] item: Leftovers
|upkeep
|turn|12
|
|move|p1a: Mawile|Sucker Punch|p2a: ROLL THRU THE 6
|-damage|p2a: ROLL THRU THE 6|21\/100
|move|p2a: ROLL THRU THE 6|Earthquake|p1a: Mawile
|-supereffective|p1a: Mawile
|-damage|p1a: Mawile|0 fnt
|faint|p1a: Mawile
|
|-heal|p2a: ROLL THRU THE 6|27\/100|[from] item: Leftovers
|upkeep
|
|switch|p1a: Kartana|Kartana|82\/100
|-damage|p1a: Kartana|75\/100|[from] Stealth Rock
|turn|13
|
|switch|p2a: LUCID DREAMS|Magearna|100\/100
|-damage|p2a: LUCID DREAMS|94\/100|[from] Stealth Rock
|move|p1a: Kartana|Leaf Blade|p2a: LUCID DREAMS
|-resisted|p2a: LUCID DREAMS
|-damage|p2a: LUCID DREAMS|71\/100
|
|upkeep
|turn|14
|
|switch|p1a: Manaphy|Manaphy|100\/100
|-damage|p1a: Manaphy|88\/100|[from] Stealth Rock
|move|p2a: LUCID DREAMS|Fleur Cannon|p1a: Manaphy
|-damage|p1a: Manaphy|41\/100
|-unboost|p2a: LUCID DREAMS|spa|2
|
|-heal|p1a: Manaphy|47\/100|[from] item: Leftovers
|upkeep
|turn|15
|
|switch|p1a: Landorus|Landorus-Therian, M|100\/100
|-damage|p1a: Landorus|88\/100|[from] Stealth Rock
|-ability|p1a: Landorus|Intimidate|boost
|-unboost|p2a: LUCID DREAMS|atk|1
|move|p2a: LUCID DREAMS|Volt Switch|p1a: Landorus
|-immune|p1a: Landorus
|
|upkeep
|turn|16
|
|switch|p2a: ROLL THRU THE 6|Landorus-Therian, M|27\/100
|-damage|p2a: ROLL THRU THE 6|15\/100|[from] Stealth Rock
|-ability|p2a: ROLL THRU THE 6|Intimidate|boost
|-unboost|p1a: Landorus|atk|1
|move|p1a: Landorus|Stone Edge|p2a: ROLL THRU THE 6
|-damage|p2a: ROLL THRU THE 6|0 fnt
|faint|p2a: ROLL THRU THE 6
|
|upkeep
|
|switch|p2a: CLOUT GANG|Medicham-Mega, F|94\/100
|-damage|p2a: CLOUT GANG|88\/100|[from] Stealth Rock
|turn|17
|
|switch|p1a: Manaphy|Manaphy|47\/100
|-damage|p1a: Manaphy|34\/100|[from] Stealth Rock
|move|p2a: CLOUT GANG|High Jump Kick|p1a: Manaphy
|-damage|p1a: Manaphy|0 fnt
|faint|p1a: Manaphy
|
|upkeep
|
|switch|p1a: Kartana|Kartana|75\/100
|-damage|p1a: Kartana|69\/100|[from] Stealth Rock
|turn|18
|c|☆noobpawner78|hurry up small penis
|
|switch|p1a: Landorus|Landorus-Therian, M|88\/100
|-damage|p1a: Landorus|76\/100|[from] Stealth Rock
|-ability|p1a: Landorus|Intimidate|boost
|-unboost|p2a: CLOUT GANG|atk|1
|switch|p2a: LUCID DREAMS|Magearna|71\/100
|-damage|p2a: LUCID DREAMS|65\/100|[from] Stealth Rock
|
|upkeep
|turn|19
|
|move|p1a: Landorus|Earthquake|p2a: LUCID DREAMS
|-supereffective|p2a: LUCID DREAMS
|-damage|p2a: LUCID DREAMS|0 fnt
|faint|p2a: LUCID DREAMS
|
|upkeep
|
|switch|p2a: RIC FLAIR DRIP|Greninja, M|100\/100
|-damage|p2a: RIC FLAIR DRIP|88\/100|[from] Stealth Rock
|turn|20
|
|move|p2a: RIC FLAIR DRIP|Dark Pulse|p1a: Landorus
|-damage|p1a: Landorus|18\/100
|move|p1a: Landorus|Earthquake|p2a: RIC FLAIR DRIP
|-damage|p2a: RIC FLAIR DRIP|0 fnt
|faint|p2a: RIC FLAIR DRIP
|
|upkeep
|
|switch|p2a: BUILD THE WALL|Tapu Koko|100\/100
|-damage|p2a: BUILD THE WALL|88\/100|[from] Stealth Rock
|-fieldstart|move: Electric Terrain|[from] ability: Electric Surge|[of] p2a: BUILD THE WALL
|turn|21
|
|move|p2a: BUILD THE WALL|Dazzling Gleam|p1a: Landorus
|-damage|p1a: Landorus|0 fnt
|faint|p1a: Landorus
|
|upkeep
|inactive|sup kid has 120 seconds left.
|
|switch|p1a: Kartana|Kartana|69\/100
|-damage|p1a: Kartana|63\/100|[from] Stealth Rock
|turn|22
|
|move|p2a: BUILD THE WALL|Dazzling Gleam|p1a: Kartana
|-resisted|p1a: Kartana
|-damage|p1a: Kartana|11\/100
|move|p1a: Kartana|Leaf Blade|p2a: BUILD THE WALL
|-damage|p2a: BUILD THE WALL|10\/100
|
|upkeep
|turn|23
|c|☆noobpawner78|hurry pls
|c|☆noobpawner78|wanna play someone good
|inactive|sup kid has 90 seconds left.
|j| sdfsdjfhsdjkff
|-message|sup kid forfeited.
|
|win|noobpawner78
|l|☆sup kid
|c| sdfsdjfhsdjkff|At least sup kid has some class unlike you noob
|raw|sup kid's rating: 2042 &rarr; <strong>2011<\/strong><br \/>(-31 for losing)
|raw|noobpawner78's rating: 1825 &rarr; <strong>1856<\/strong><br \/>(+31 for winning)
|l| pinkrose08
|c| sdfsdjfhsdjkff|I'm pretty sure you are the most toxic player on showdown i have ever seen Noob
|c|☆noobpawner78|lol
|c|☆noobpawner78|sup kid is the worst
</script>
</div>
<div class="battle-log battle-log-inline"><div class="inner"><div class="battle-options"></div><div class="inner"><div class="chat"><small>☆sup kid joined.</small></div><div class="chat"><small>☆noobpawner78 joined.</small></div><div class=""><small>Format:</small> <br><strong>[Gen 7] OU</strong></div><div class="rated"><strong>Rated battle</strong></div><div class=""><small><em>Sleep Clause Mod:</em> Limit one foe put to sleep</small></div><div class=""><small><em>Species Clause:</em> Limit one of each Pokémon</small></div><div class=""><small><em>OHKO Clause:</em> OHKO moves are banned</small></div><div class=""><small><em>Moody Clause:</em> Moody is banned</small></div><div class=""><small><em>Evasion Moves Clause:</em> Evasion moves are banned</small></div><div class=""><small><em>Endless Battle Clause:</em> Forcing endless battles is banned</small></div><div class=""><small><em>HP Percentage Mod:</em> HP is shown in percentages</small></div><div class="chat battle-history"><strong>sup kid's team:</strong> <em style="color:#445566;display:block;">Mawile / Kartana / Landorus-Therian / Manaphy / Clefable / Tapu Bulu</em></div><div class="chat battle-history"><strong>noobpawner78's team:</strong> <em style="color:#445566;display:block;">Medicham / Kartana / Greninja / Tapu Koko / Landorus-Therian / Magearna</em></div><div class="chat"><small> pinkrose08 joined.</small></div><div class="chat chatmessage-noobpawner78"><strong style="color:hsl(294,79%,41.4552161454779%)"><small>☆</small><span class="username" data-name="noobpawner78">noobpawner78</span>:</strong> <em>small penis kid</em></div><div class="chat message-error">Battle timer is ON: inactive players will automatically lose when time's up. (requested by noobpawner78)</div><div class="chat message-error">sup kid has 120 seconds left.</div><div class="chat message-error">sup kid has 90 seconds left.</div><div class="chat"><small> SchniPoSaLP joined.</small></div><div class="chat message-error">sup kid has 60 seconds left.</div><div class="chat message-error">sup kid has 30 seconds left.</div><div class="chat message-error">sup kid has 20 seconds left.</div><div class="chat message-error">sup kid has 15 seconds left.</div><div class="spacer battle-history"><br></div><div class="battle-history">Battle started between sup kid and noobpawner78!<br></div><div class="spacer battle-history"><br></div><div class="battle-history">Go! Landorus (<strong>Landorus-Therian</strong>)!<br></div><div class="spacer battle-history"><br></div><div class="battle-history">noobpawner78 sent out ROLL THRU THE 6 (<strong>Landorus-Therian</strong>)!<br></div><div class="battle-history"><small>[Landorus's Intimidate]</small><br></div><div class="battle-history"><small>The opposing ROLL THRU THE 6's Attack fell!</small><br></div><div class="battle-history"><small>[The opposing ROLL THRU THE 6's Intimidate]</small><br></div><div class="battle-history"><small>Landorus's Attack fell!</small><br></div><div class="spacer battle-history"><br></div><h2 class="battle-history">Turn 1</h2><div class="spacer battle-history"><br></div><div class="battle-history">Landorus used <strong>Stealth Rock</strong>!<br></div><div class="battle-history"><small>Pointed stones float in the air around the opposing team!</small><br></div><div class="spacer battle-history"><br></div><div class="battle-history">The opposing ROLL THRU THE 6 used <strong>Stealth Rock</strong>!<br></div><div class="battle-history"><small>Pointed stones float in the air around your team!</small><br></div><div class="spacer battle-history"><br></div><h2 class="battle-history">Turn 2</h2><div class="chat message-error">sup kid has 60 seconds left.</div><div class="chat message-error">noobpawner78 has 120 seconds left.</div><div class="chat message-error">noobpawner78 has 90 seconds left.</div><div class="spacer battle-history"><br></div><div class="battle-history">Landorus, come back!<br></div><div class="battle-history">Go! <strong>Tapu Bulu</strong>!<br></div><div class="battle-history"><small>Pointed stones dug into Tapu Bulu!</small><br></div><div class="battle-history"><small>[Tapu Bulu's Grassy Surge]</small><br><small>Grass grew to cover the battlefield!</small><br></div><div class="spacer battle-history"><br></div><div class="battle-history">The opposing ROLL THRU THE 6 used <strong>U-turn</strong>!<br></div><div class="battle-history"><small>(Tapu Bulu lost 12% of its health!)</small><br></div><div class="spacer battle-history"><br></div><div class="battle-history">The opposing ROLL THRU THE 6 went back to noobpawner78!<br></div><div class="battle-history">noobpawner78 sent out RIDE WITH THE MOB (<strong>Kartana</strong>)!<br></div><div class="battle-history"><small>Pointed stones dug into the opposing RIDE WITH THE MOB!</small><br></div><div class="spacer battle-history"><br></div><div class="battle-history"><small>The opposing RIDE WITH THE MOB restored HP using its Grassy Terrain!</small><br></div><div class="battle-history"><small>Tapu Bulu restored a little HP using its Leftovers!</small><br></div><div class="battle-history"><small>Tapu Bulu restored HP using its Grassy Terrain!</small><br></div><div class="spacer battle-history"><br></div><h2 class="battle-history">Turn 3</h2><div class="spacer battle-history"><br></div><div class="battle-history">The opposing RIDE WITH THE MOB used <strong>Smart Strike</strong>!<br></div><div class="battle-history"><small>It's super effective!</small><br></div><div class="battle-history"><small>(Tapu Bulu lost 82% of its health!)</small><br></div><div class="spacer battle-history"><br></div><div class="battle-history">Tapu Bulu used <strong>Superpower</strong>!<br></div><div class="battle-history"><small>It's super effective!</small><br></div><div class="battle-history"><small>(The opposing RIDE WITH THE MOB lost 72% of its health!)</small><br></div><div class="battle-history"><small>Tapu Bulu's Attack fell!</small><br></div><div class="battle-history"><small>Tapu Bulu's Defense fell!</small><br></div><div class="spacer battle-history"><br></div><div class="battle-history"><small>The opposing RIDE WITH THE MOB restored HP using its Grassy Terrain!</small><br></div><div class="battle-history"><small>Tapu Bulu restored a little HP using its Leftovers!</small><br></div><div class="battle-history"><small>Tapu Bulu restored HP using its Grassy Terrain!</small><br></div><div class="spacer battle-history"><br></div><h2 class="battle-history">Turn 4</h2><div class="spacer battle-history"><br></div><div class="battle-history">Tapu Bulu used <strong>Protect</strong>!<br></div><div class="battle-history"><small>Tapu Bulu protected itself!</small><br></div><div class="spacer battle-history"><br></div><div class="battle-history">The opposing RIDE WITH THE MOB used <strong>Leaf Blade</strong>!<br></div><div class="battle-history"><small>Tapu Bulu protected itself!</small><br></div><div class="spacer battle-history"><br></div><div class="battle-history"><small>The opposing RIDE WITH THE MOB restored HP using its Grassy Terrain!</small><br></div><div class="battle-history"><small>Tapu Bulu restored a little HP using its Leftovers!</small><br></div><div class="battle-history"><small>Tapu Bulu restored HP using its Grassy Terrain!</small><br></div><div class="spacer battle-history"><br></div><h2 class="battle-history">Turn 5</h2><div class="spacer battle-history"><br></div><div class="battle-history">Tapu Bulu, come back!<br></div><div class="battle-history">Go! <strong>Kartana</strong>!<br></div><div class="battle-history"><small>Pointed stones dug into Kartana!</small><br></div><div class="spacer battle-history"><br></div><div class="battle-history">The opposing RIDE WITH THE MOB used <strong>Leaf Blade</strong>!<br></div><div class="battle-history"><small>It's not very effective...</small><br></div><div class="battle-history"><small>(Kartana lost 25% of its health!)</small><br></div><div class="spacer battle-history"><br></div><div class="battle-history"><small>Kartana restored HP using its Grassy Terrain!</small><br></div><div class="battle-history"><small>The opposing RIDE WITH THE MOB restored HP using its Grassy Terrain!</small><br></div><div class="spacer battle-history"><br></div><h2 class="battle-history">Turn 6</h2><div class="spacer battle-history"><br></div><div class="battle-history">noobpawner78 withdrew RIDE WITH THE MOB!<br></div><div class="battle-history">noobpawner78 sent out ROLL THRU THE 6 (<strong>Landorus-Therian</strong>)!<br></div><div class="battle-history"><small>Pointed stones dug into the opposing ROLL THRU THE 6!</small><br></div><div class="battle-history"><small>[The opposing ROLL THRU THE 6's Intimidate]</small><br></div><div class="battle-history"><small>Kartana's Attack fell!</small><br></div><div class="spacer battle-history"><br></div><div class="battle-history">Kartana used <strong>Sacred Sword</strong>!<br></div><div class="battle-history"><small>It's not very effective...</small><br></div><div class="battle-history"><small>(The opposing ROLL THRU THE 6 lost 10% of its health!)</small><br></div><div class="spacer battle-history"><br></div><div class="battle-history"><small>Kartana restored HP using its Grassy Terrain!</small><br></div><div class="battle-history"><small>The opposing ROLL THRU THE 6 restored a little HP using its Leftovers!</small><br></div><div class="battle-history"><small>The grass disappeared from the battlefield.</small><br></div><div class="spacer battle-history"><br></div><h2 class="battle-history">Turn 7</h2><div class="chat message-error">sup kid has 90 seconds left.</div><div class="chat message-error">noobpawner78 has 120 seconds left.</div><div class="spacer battle-history"><br></div><div class="battle-history">Kartana, come back!<br></div><div class="battle-history">Go! <strong>Clefable</strong>!<br></div><div class="spacer battle-history"><br></div><div class="battle-history">The opposing ROLL THRU THE 6 used <strong>U-turn</strong>!<br></div><div class="battle-history"><small>It's not very effective...</small><br></div><div class="battle-history"><small>(Clefable lost 7% of its health!)</small><br></div><div class="chat message-error">noobpawner78 has 120 seconds left.</div><div class="spacer battle-history"><br></div><div class="battle-history">The opposing ROLL THRU THE 6 went back to noobpawner78!<br></div><div class="battle-history">noobpawner78 sent out RIDE WITH THE MOB (<strong>Kartana</strong>)!<br></div><div class="battle-history"><small>Pointed stones dug into the opposing RIDE WITH THE MOB!</small><br></div><div class="spacer battle-history"><br></div><div class="battle-history"><small>Clefable restored a little HP using its Leftovers!</small><br></div><div class="spacer battle-history"><br></div><h2 class="battle-history">Turn 8</h2><div class="spacer battle-history"><br></div><div class="battle-history">The opposing RIDE WITH THE MOB used <strong>Smart Strike</strong>!<br></div><div class="battle-history"><small>It's super effective!</small><br></div><div class="battle-history"><small>(Clefable lost 75% of its health!)</small><br></div><div class="spacer battle-history"><br></div><div class="battle-history">Clefable used <strong>Moonblast</strong>!<br></div><div class="battle-history"><small>It's not very effective...</small><br></div><div class="battle-history"><small>(The opposing RIDE WITH THE MOB lost 40% of its health!)</small><br></div><div class="spacer battle-history"><br></div><div class="battle-history">The opposing RIDE WITH THE MOB fainted!<br></div><div class="spacer battle-history"><br></div><div class="battle-history"><small>Clefable restored a little HP using its Leftovers!</small><br></div><div class="spacer battle-history"><br></div><div class="battle-history">noobpawner78 sent out CLOUT GANG (<strong>Medicham</strong>)!<br></div><div class="battle-history"><small>Pointed stones dug into the opposing CLOUT GANG!</small><br></div><div class="spacer battle-history"><br></div><h2 class="battle-history">Turn 9</h2><div class="spacer battle-history"><br></div><div class="battle-history"><small>The opposing CLOUT GANG's Medichamite is reacting to the Key Stone!</small><br>The opposing CLOUT GANG has Mega Evolved into Mega Medicham!<br></div><div class="spacer battle-history"><br></div><div class="battle-history">The opposing CLOUT GANG used <strong>Ice Punch</strong>!<br></div><div class="battle-history"><small>(Clefable lost 30% of its health!)</small><br></div><div class="spacer battle-history"><br></div><div class="battle-history">Clefable fainted!<br></div><div class="chat message-error">sup kid has 120 seconds left.</div><div class="chat chatmessage-noobpawner78"><strong style="color:hsl(294,79%,41.4552161454779%)"><small>☆</small><span class="username" data-name="noobpawner78">noobpawner78</span>:</strong> <em>change your name</em></div><div class="spacer battle-history"><br></div><div class="battle-history">Go! <strong>Mawile</strong>!<br></div><div class="battle-history"><small>Pointed stones dug into Mawile!</small><br></div><div class="battle-history"><small>[Mawile's Intimidate]</small><br></div><div class="battle-history"><small>The opposing CLOUT GANG's Attack fell!</small><br></div><div class="spacer battle-history"><br></div><h2 class="battle-history">Turn 10</h2><div class="chat chatmessage-noobpawner78"><strong style="color:hsl(294,79%,41.4552161454779%)"><small>☆</small><span class="username" data-name="noobpawner78">noobpawner78</span>:</strong> <em>to very small penis kid</em></div><div class="spacer battle-history"><br></div><div class="battle-history">noobpawner78 withdrew CLOUT GANG!<br></div><div class="battle-history">noobpawner78 sent out ROLL THRU THE 6 (<strong>Landorus-Therian</strong>)!<br></div><div class="battle-history"><small>Pointed stones dug into the opposing ROLL THRU THE 6!</small><br></div><div class="battle-history"><small>[The opposing ROLL THRU THE 6's Intimidate]</small><br></div><div class="battle-history"><small>Mawile's Attack fell!</small><br></div><div class="spacer battle-history"><br></div><div class="battle-history"><small>Mawile's Mawilite is reacting to the Key Stone!</small><br>Mawile has Mega Evolved into Mega Mawile!<br></div><div class="spacer battle-history"><br></div><div class="battle-history">Mawile used <strong>Play Rough</strong>!<br></div><div class="battle-history"><small>The opposing ROLL THRU THE 6 avoided the attack!</small><br></div><div class="spacer battle-history"><br></div><div class="battle-history"><small>The opposing ROLL THRU THE 6 restored a little HP using its Leftovers!</small><br></div><div class="spacer battle-history"><br></div><h2 class="battle-history">Turn 11</h2><div class="chat message-error">sup kid has 120 seconds left.</div><div class="chat message-error">noobpawner78 has 120 seconds left.</div><div class="spacer battle-history"><br></div><div class="battle-history">The opposing ROLL THRU THE 6 used <strong>Earthquake</strong>!<br></div><div class="battle-history"><small>It's super effective!</small><br></div><div class="battle-history"><small>(Mawile lost 88% of its health!)</small><br></div><div class="spacer battle-history"><br></div><div class="battle-history">Mawile used <strong>Play Rough</strong>!<br></div><div class="battle-history"><small>(The opposing ROLL THRU THE 6 lost 41% of its health!)</small><br></div><div class="spacer battle-history"><br></div><div class="battle-history"><small>The opposing ROLL THRU THE 6 restored a little HP using its Leftovers!</small><br></div><div class="spacer battle-history"><br></div><h2 class="battle-history">Turn 12</h2><div class="spacer battle-history"><br></div><div class="battle-history">Mawile used <strong>Sucker Punch</strong>!<br></div><div class="battle-history"><small>(The opposing ROLL THRU THE 6 lost 21% of its health!)</small><br></div><div class="spacer battle-history"><br></div><div class="battle-history">The opposing ROLL THRU THE 6 used <strong>Earthquake</strong>!<br></div><div class="battle-history"><small>It's super effective!</small><br></div><div class="battle-history"><small>(Mawile lost 6% of its health!)</small><br></div><div class="spacer battle-history"><br></div><div class="battle-history">Mawile fainted!<br></div><div class="spacer battle-history"><br></div><div class="battle-history"><small>The opposing ROLL THRU THE 6 restored a little HP using its Leftovers!</small><br></div><div class="spacer battle-history"><br></div><div class="battle-history">Go! <strong>Kartana</strong>!<br></div><div class="battle-history"><small>Pointed stones dug into Kartana!</small><br></div><div class="spacer battle-history"><br></div><h2 class="battle-history">Turn 13</h2><div class="spacer battle-history"><br></div><div class="battle-history">noobpawner78 withdrew ROLL THRU THE 6!<br></div><div class="battle-history">noobpawner78 sent out LUCID DREAMS (<strong>Magearna</strong>)!<br></div><div class="battle-history"><small>Pointed stones dug into the opposing LUCID DREAMS!</small><br></div><div class="spacer battle-history"><br></div><div class="battle-history">Kartana used <strong>Leaf Blade</strong>!<br></div><div class="battle-history"><small>It's not very effective...</small><br></div><div class="battle-history"><small>(The opposing LUCID DREAMS lost 23% of its health!)</small><br></div><div class="spacer battle-history"><br></div><h2 class="battle-history">Turn 14</h2><div class="spacer battle-history"><br></div><div class="battle-history">Kartana, come back!<br></div><div class="battle-history">Go! <strong>Manaphy</strong>!<br></div><div class="battle-history"><small>Pointed stones dug into Manaphy!</small><br></div><div class="spacer battle-history"><br></div><div class="battle-history">The opposing LUCID DREAMS used <strong>Fleur Cannon</strong>!<br></div><div class="battle-history"><small>(Manaphy lost 47% of its health!)</small><br></div><div class="battle-history"><small>The opposing LUCID DREAMS's Special Attack fell harshly!</small><br></div><div class="spacer battle-history"><br></div><div class="battle-history"><small>Manaphy restored a little HP using its Leftovers!</small><br></div><div class="spacer battle-history"><br></div><h2 class="battle-history">Turn 15</h2><div class="spacer battle-history"><br></div><div class="battle-history">Manaphy, come back!<br></div><div class="battle-history">Go! Landorus (<strong>Landorus-Therian</strong>)!<br></div><div class="battle-history"><small>Pointed stones dug into Landorus!</small><br></div><div class="battle-history"><small>[Landorus's Intimidate]</small><br></div><div class="battle-history"><small>The opposing LUCID DREAMS's Attack fell!</small><br></div><div class="spacer battle-history"><br></div><div class="battle-history">The opposing LUCID DREAMS used <strong>Volt Switch</strong>!<br></div><div class="battle-history"><small>It doesn't affect Landorus...</small><br></div><div class="spacer battle-history"><br></div><h2 class="battle-history">Turn 16</h2><div class="spacer battle-history"><br></div><div class="battle-history">The opposing LUCID DREAMS went back to noobpawner78!<br></div><div class="battle-history">noobpawner78 sent out ROLL THRU THE 6 (<strong>Landorus-Therian</strong>)!<br></div><div class="battle-history"><small>Pointed stones dug into the opposing ROLL THRU THE 6!</small><br></div><div class="battle-history"><small>[The opposing ROLL THRU THE 6's Intimidate]</small><br></div><div class="battle-history"><small>Landorus's Attack fell!</small><br></div><div class="spacer battle-history"><br></div><div class="battle-history">Landorus used <strong>Stone Edge</strong>!<br></div><div class="battle-history"><small>(The opposing ROLL THRU THE 6 lost 15% of its health!)</small><br></div><div class="spacer battle-history"><br></div><div class="battle-history">The opposing ROLL THRU THE 6 fainted!<br></div><div class="spacer battle-history"><br></div><div class="battle-history">noobpawner78 sent out CLOUT GANG (<strong>Medicham-Mega</strong>)!<br></div><div class="battle-history"><small>Pointed stones dug into the opposing CLOUT GANG!</small><br></div><div class="spacer battle-history"><br></div><h2 class="battle-history">Turn 17</h2><div class="spacer battle-history"><br></div><div class="battle-history">Landorus, come back!<br></div><div class="battle-history">Go! <strong>Manaphy</strong>!<br></div><div class="battle-history"><small>Pointed stones dug into Manaphy!</small><br></div><div class="spacer battle-history"><br></div><div class="battle-history">The opposing CLOUT GANG used <strong>High Jump Kick</strong>!<br></div><div class="battle-history"><small>(Manaphy lost 34% of its health!)</small><br></div><div class="spacer battle-history"><br></div><div class="battle-history">Manaphy fainted!<br></div><div class="spacer battle-history"><br></div><div class="battle-history">Go! <strong>Kartana</strong>!<br></div><div class="battle-history"><small>Pointed stones dug into Kartana!</small><br></div><div class="spacer battle-history"><br></div><h2 class="battle-history">Turn 18</h2><div class="chat chatmessage-noobpawner78"><strong style="color:hsl(294,79%,41.4552161454779%)"><small>☆</small><span class="username" data-name="noobpawner78">noobpawner78</span>:</strong> <em>hurry up small penis</em></div><div class="spacer battle-history"><br></div><div class="battle-history">Kartana, come back!<br></div><div class="battle-history">Go! Landorus (<strong>Landorus-Therian</strong>)!<br></div><div class="battle-history"><small>Pointed stones dug into Landorus!</small><br></div><div class="battle-history"><small>[Landorus's Intimidate]</small><br></div><div class="battle-history"><small>The opposing CLOUT GANG's Attack fell!</small><br></div><div class="spacer battle-history"><br></div><div class="battle-history">noobpawner78 withdrew CLOUT GANG!<br></div><div class="battle-history">noobpawner78 sent out LUCID DREAMS (<strong>Magearna</strong>)!<br></div><div class="battle-history"><small>Pointed stones dug into the opposing LUCID DREAMS!</small><br></div><div class="spacer battle-history"><br></div><h2 class="battle-history">Turn 19</h2><div class="spacer battle-history"><br></div><div class="battle-history">Landorus used <strong>Earthquake</strong>!<br></div><div class="battle-history"><small>It's super effective!</small><br></div><div class="battle-history"><small>(The opposing LUCID DREAMS lost 65% of its health!)</small><br></div><div class="spacer battle-history"><br></div><div class="battle-history">The opposing LUCID DREAMS fainted!<br></div><div class="spacer battle-history"><br></div><div class="battle-history">noobpawner78 sent out RIC FLAIR DRIP (<strong>Greninja</strong>)!<br></div><div class="battle-history"><small>Pointed stones dug into the opposing RIC FLAIR DRIP!</small><br></div><div class="spacer battle-history"><br></div><h2 class="battle-history">Turn 20</h2><div class="spacer battle-history"><br></div><div class="battle-history">The opposing RIC FLAIR DRIP used <strong>Dark Pulse</strong>!<br></div><div class="battle-history"><small>(Landorus lost 58% of its health!)</small><br></div><div class="spacer battle-history"><br></div><div class="battle-history">Landorus used <strong>Earthquake</strong>!<br></div><div class="battle-history"><small>(The opposing RIC FLAIR DRIP lost 88% of its health!)</small><br></div><div class="spacer battle-history"><br></div><div class="battle-history">The opposing RIC FLAIR DRIP fainted!<br></div><div class="spacer battle-history"><br></div><div class="battle-history">noobpawner78 sent out BUILD THE WALL (<strong>Tapu Koko</strong>)!<br></div><div class="battle-history"><small>Pointed stones dug into the opposing BUILD THE WALL!</small><br></div><div class="battle-history"><small>[The opposing BUILD THE WALL's Electric Surge]</small><br><small>An electric current runs across the battlefield!</small><br></div><div class="spacer battle-history"><br></div><h2 class="battle-history">Turn 21</h2><div class="spacer battle-history"><br></div><div class="battle-history">The opposing BUILD THE WALL used <strong>Dazzling Gleam</strong>!<br></div><div class="battle-history"><small>(Landorus lost 18% of its health!)</small><br></div><div class="spacer battle-history"><br></div><div class="battle-history">Landorus fainted!<br></div><div class="chat message-error">sup kid has 120 seconds left.</div><div class="spacer battle-history"><br></div><div class="battle-history">Go! <strong>Kartana</strong>!<br></div><div class="battle-history"><small>Pointed stones dug into Kartana!</small><br></div><div class="spacer battle-history"><br></div><h2 class="battle-history">Turn 22</h2><div class="spacer battle-history"><br></div><div class="battle-history">The opposing BUILD THE WALL used <strong>Dazzling Gleam</strong>!<br></div><div class="battle-history"><small>It's not very effective...</small><br></div><div class="battle-history"><small>(Kartana lost 52% of its health!)</small><br></div><div class="spacer battle-history"><br></div><div class="battle-history">Kartana used <strong>Leaf Blade</strong>!<br></div><div class="battle-history"><small>(The opposing BUILD THE WALL lost 78% of its health!)</small><br></div><div class="spacer battle-history"><br></div><h2 class="battle-history">Turn 23</h2><div class="chat chatmessage-noobpawner78"><strong style="color:hsl(294,79%,41.4552161454779%)"><small>☆</small><span class="username" data-name="noobpawner78">noobpawner78</span>:</strong> <em>hurry pls</em></div><div class="chat chatmessage-noobpawner78"><strong style="color:hsl(294,79%,41.4552161454779%)"><small>☆</small><span class="username" data-name="noobpawner78">noobpawner78</span>:</strong> <em>wanna play someone good</em></div><div class="chat message-error">sup kid has 90 seconds left.</div><div class="chat"><small> sdfsdjfhsdjkff joined.</small></div><div class="spacer battle-history"><br></div><div class="battle-history"><small>sup kid forfeited.</small><br></div><div class="spacer battle-history"><br></div><div class="battle-history"><strong>noobpawner78</strong> won the battle!<br></div><div class="chat"><small>☆sup kid left.</small></div><div class="chat chatmessage-sdfsdjfhsdjkff"><strong style="color:hsl(100,62%,40.64368762762547%)"><small> </small><span class="username" data-name="sdfsdjfhsdjkff">sdfsdjfhsdjkff</span>:</strong> <em>At least sup kid has some class unlike you noob</em></div><div class="chat">sup kid's rating: 2042 → <strong>2011</strong><br>(-31 for losing)</div><div class="chat">noobpawner78's rating: 1825 → <strong>1856</strong><br>(+31 for winning)</div><div class="chat"><small> pinkrose08 left.</small></div><div class="chat chatmessage-sdfsdjfhsdjkff"><strong style="color:hsl(100,62%,40.64368762762547%)"><small> </small><span class="username" data-name="sdfsdjfhsdjkff">sdfsdjfhsdjkff</span>:</strong> <em>I'm pretty sure you are the most toxic player on showdown i have ever seen Noob</em></div><div class="chat chatmessage-noobpawner78"><strong style="color:hsl(294,79%,41.4552161454779%)"><small>☆</small><span class="username" data-name="noobpawner78">noobpawner78</span>:</strong> <em>lol</em></div><div class="chat chatmessage-noobpawner78"><strong style="color:hsl(294,79%,41.4552161454779%)"><small>☆</small><span class="username" data-name="noobpawner78">noobpawner78</span>:</strong> <em>sup kid is the worst</em></div></div><div class="inner-preempt"></div></div></div>
</div>
<script>
let daily = Math.floor(Date.now()/1000/60/60/24);document.write('<script src="https://play.pokemonshowdown.com/js/replay-embed.js?version'+daily+'"></'+'script>');
</script>
