<!DOCTYPE html>
<meta charset="utf-8" />
<!-- version 1 -->
<title>[Gen 7] OU replay: We vs. chwag III</title>
<style>
html,body {font-family:Verdana, sans-serif;font-size:10pt;margin:0;padding:0;}body{padding:12px 0;} .battle-log {font-family:Verdana, sans-serif;font-size:10pt;} .battle-log-inline {border:1px solid #AAAAAA;background:#EEF2F5;color:black;max-width:640px;margin:0 auto 80px;padding-bottom:5px;} .battle-log .inner {padding:4px 8px 0px 8px;} .battle-log .inner-preempt {padding:0 8px 4px 8px;} .battle-log .inner-after {margin-top:0.5em;} .battle-log h2 {margin:0.5em -8px;padding:4px 8px;border:1px solid #AAAAAA;background:#E0E7EA;border-left:0;border-right:0;font-family:Verdana, sans-serif;font-size:13pt;} .battle-log .chat {vertical-align:middle;padding:3px 0 3px 0;font-size:8pt;} .battle-log .chat strong {color:#40576A;} .battle-log .chat em {padding:1px 4px 1px 3px;color:#000000;font-style:normal;} .chat.mine {background:rgba(0,0,0,0.05);margin-left:-8px;margin-right:-8px;padding-left:8px;padding-right:8px;} .spoiler {color:#BBBBBB;background:#BBBBBB;padding:0px 3px;} .spoiler:hover, .spoiler:active, .spoiler-shown {color:#000000;background:#E2E2E2;padding:0px 3px;} .spoiler a {color:#BBBBBB;} .spoiler:hover a, .spoiler:active a, .spoiler-shown a {color:#2288CC;} .chat code, .chat .spoiler:hover code, .chat .spoiler:active code, .chat .spoiler-shown code {border:1px solid #C0C0C0;background:#EEEEEE;color:black;padding:0 2px;} .chat .spoiler code {border:1px solid #CCCCCC;background:#CCCCCC;color:#CCCCCC;} .battle-log .rated {padding:3px 4px;} .battle-log .rated strong {color:white;background:#89A;padding:1px 4px;border-radius:4px;} .spacer {margin-top:0.5em;} .message-announce {background:#6688AA;color:white;padding:1px 4px 2px;} .message-announce a, .broadcast-green a, .broadcast-blue a, .broadcast-red a {color:#DDEEFF;} .broadcast-green {background-color:#559955;color:white;padding:2px 4px;} .broadcast-blue {background-color:#6688AA;color:white;padding:2px 4px;} .infobox {border:1px solid #6688AA;padding:2px 4px;} .infobox-limited {max-height:200px;overflow:auto;overflow-x:hidden;} .broadcast-red {background-color:#AA5544;color:white;padding:2px 4px;} .message-learn-canlearn {font-weight:bold;color:#228822;text-decoration:underline;} .message-learn-cannotlearn {font-weight:bold;color:#CC2222;text-decoration:underline;} .message-effect-weak {font-weight:bold;color:#CC2222;} .message-effect-resist {font-weight:bold;color:#6688AA;} .message-effect-immune {font-weight:bold;color:#666666;} .message-learn-list {margin-top:0;margin-bottom:0;} .message-throttle-notice, .message-error {color:#992222;} .message-overflow, .chat small.message-overflow {font-size:0pt;} .message-overflow::before {font-size:9pt;content:'...';} .subtle {color:#3A4A66;}
</style>
<div class="wrapper replay-wrapper" style="max-width:1180px;margin:0 auto">
<input type="hidden" name="replayid" value="gen7ou-666080730" />
<div class="battle"></div><div class="battle-log"></div><div class="replay-controls"></div><div class="replay-controls-2"></div>
<h1 style="font-weight:normal;text-align:center"><strong>[Gen 7] OU</strong><br /><a href="http://pokemonshowdown.com/users/we" class="subtle" target="_blank">We</a> vs. <a href="http://pokemonshowdown.com/users/chwagiii" class="subtle" target="_blank">chwag III</a></h1>
<script type="text/plain" class="battle-log-data">|j|We
|j|chwag III
|player|p1|We|#wally
|teamsize|p1|6
|player|p2|chwag III|29
|teamsize|p2|6
|gametype|singles
|gen|7
|tier|[Gen 7] OU
|rated|
|seed|56474,13719,53980,30954
|rule|Sleep Clause Mod: Limit one foe put to sleep
|rule|Species Clause: Limit one of each Pokémon
|rule|OHKO Clause: OHKO moves are banned
|rule|Moody Clause: Moody is banned
|rule|Evasion Moves Clause: Evasion moves are banned
|rule|Endless Battle Clause: Forcing endless battles is banned
|rule|HP Percentage Mod: HP is shown in percentages
|clearpoke
|poke|p1|Landorus-Therian, M|item
|poke|p1|Greninja, M|item
|poke|p1|Gyarados, M|item
|poke|p1|Kartana|item
|poke|p1|Tapu Lele|item
|poke|p1|Magearna|item
|poke|p2|Scizor, F|item
|poke|p2|Tornadus-Therian, M|item
|poke|p2|Chansey, F|item
|poke|p2|Ditto|item
|poke|p2|Zygarde|item
|poke|p2|Toxapex, M|item
|teampreview
|j|m1123
|c|☆We|man
|j|kenliao99
|c|☆chwag III|FUCK
|j|FURFUN
|c|☆We|i knew that was gonna happen
|c|☆We|ffs
|c| FURFUN|whooo
|j|Celtis Laddering
|choice|team 1, team 2, team 3, team 4, team 5, team 6|team 1, team 2, team 3, team 4, team 5, team 6
|
|start
|switch|p1a: Landorus|Landorus-Therian, M|319\/319
|switch|p2a: Scizor|Scizor, F|343\/343
|-ability|p1a: Landorus|Intimidate|boost
|-unboost|p2a: Scizor|atk|1
|turn|1
|choice|move stealthrock|move hiddenpower mega
|
|-mega|p2a: Scizor|Scizor|Scizorite
|detailschange|p2a: Scizor|Scizor-Mega, F
|move|p1a: Landorus|Stealth Rock|p2a: Scizor
|-sidestart|p2: chwag III|move: Stealth Rock
|move|p2a: Scizor|Hidden Power|p1a: Landorus
|-supereffective|p1a: Landorus
|-damage|p1a: Landorus|103\/319
|
|upkeep
|turn|2
|choice|move earthquake|move hiddenpower
|
|move|p1a: Landorus|Earthquake|p2a: Scizor
|-damage|p2a: Scizor|229\/343
|move|p2a: Scizor|Hidden Power|p1a: Landorus
|-supereffective|p1a: Landorus
|-damage|p1a: Landorus|0 fnt
|faint|p1a: Landorus
|
|upkeep
|j|Michielleus
|c| Michielleus|great
|c| Michielleus|you sniped each other
|choice|switch 2|
|
|switch|p1a: Greninja|Greninja, M|285\/285
|turn|3
|c|☆We|not on purpose mind you
|j|Suigining
|c|☆chwag III|no i just wanted to beat empoop
|j|braiatan
|choice|move hydropump|switch 6
|
|switch|p2a: Toxapex|Toxapex, M|304\/304
|-damage|p2a: Toxapex|266\/304|[from] Stealth Rock
|move|p1a: Greninja|Hydro Pump|p2a: Toxapex
|-resisted|p2a: Toxapex
|-damage|p2a: Toxapex|176\/304
|
|-heal|p2a: Toxapex|195\/304|[from] item: Black Sludge
|upkeep
|turn|4
|choice|switch 5|move toxicspikes
|
|switch|p1a: Tapu Lele|Tapu Lele|281\/281
|-fieldstart|move: Psychic Terrain|[from] ability: Psychic Surge|[of] p1a: Tapu Lele
|move|p2a: Toxapex|Toxic Spikes|p1a: Tapu Lele
|-sidestart|p1: We|move: Toxic Spikes
|
|-heal|p2a: Toxapex|214\/304|[from] item: Black Sludge
|upkeep
|turn|5
|c| Suigining|are they really gonna suspect toxapex
|choice|move psyshock|switch 3
|
|switch|p2a: Chansey|Chansey, F|703\/703
|-damage|p2a: Chansey|616\/703|[from] Stealth Rock
|move|p1a: Tapu Lele|Psyshock|p2a: Chansey
|-damage|p2a: Chansey|325\/703
|
|upkeep
|turn|6
|c|☆We|not with abr in charge
|choice|switch 4|move softboiled
|
|switch|p1a: Kartana|Kartana|259\/259
|move|p2a: Chansey|Soft-Boiled|p2a: Chansey
|-heal|p2a: Chansey|677\/703
|
|upkeep
|turn|7
|j|novacane af
|c| FURFUN|?
|c| Suigining|cool
|c| FURFUN|pex?
|choice|move leafblade|switch 2
|
|switch|p2a: Tornadus|Tornadus-Therian, M|299\/299
|-damage|p2a: Tornadus|225\/299|[from] Stealth Rock
|move|p1a: Kartana|Leaf Blade|p2a: Tornadus
|-resisted|p2a: Tornadus
|-damage|p2a: Tornadus|110\/299
|
|upkeep
|turn|8
|c| Suigining|i heard rumors
|choice|switch 5|move hurricane zmove
|
|switch|p1a: Greninja|Greninja, M|285\/285
|-status|p1a: Greninja|psn
|-zpower|p2a: Tornadus
|move|p2a: Tornadus|Supersonic Skystrike|p1a: Greninja|[zeffect]
|-damage|p1a: Greninja|0 fnt
|faint|p1a: Greninja
|
|-fieldend|move: Psychic Terrain
|upkeep
|choice|switch 4|
|
|switch|p1a: Tapu Lele|Tapu Lele|281\/281
|-status|p1a: Tapu Lele|psn
|-fieldstart|move: Psychic Terrain|[from] ability: Psychic Surge|[of] p1a: Tapu Lele
|turn|9
|c| FURFUN|i would think lando
|choice|move psychic|switch 6
|
|switch|p2a: Scizor|Scizor-Mega, F|229\/343
|-damage|p2a: Scizor|187\/343|[from] Stealth Rock
|move|p1a: Tapu Lele|Psychic|p2a: Scizor
|-resisted|p2a: Scizor
|-damage|p2a: Scizor|77\/343
|
|-damage|p1a: Tapu Lele|246\/281 psn|[from] psn
|upkeep
|turn|10
|l|m1123
|c| Suigining|why lando
|choice|switch 5|switch 2
|
|switch|p1a: Kartana|Kartana|259\/259
|switch|p2a: Chansey|Chansey, F|677\/703
|-damage|p2a: Chansey|590\/703|[from] Stealth Rock
|
|upkeep
|turn|11
|j|Fluffeon
|c| FURFUN|i feel its in almost every team
|c| novacane af|so?
|choice|move substitute|switch 6
|
|switch|p2a: Tornadus|Tornadus-Therian, M|209\/299
|-damage|p2a: Tornadus|135\/299|[from] Stealth Rock
|move|p1a: Kartana|Substitute|p1a: Kartana
|-start|p1a: Kartana|Substitute
|-damage|p1a: Kartana|195\/259
|
|upkeep
|turn|12
|j|Spicy Empanada
|c| Michielleus|use sound heat wave
|c| Suigining|use bug buzz
|l|Spicy Empanada
|c| FURFUN|isnt that the purpose of suspect tests?
|choice|move sacredsword zmove|move superpower
|
|move|p2a: Tornadus|Superpower|p1a: Kartana
|-supereffective|p1a: Kartana
|-end|p1a: Kartana|Substitute
|-unboost|p2a: Tornadus|atk|1
|-unboost|p2a: Tornadus|def|1
|-zpower|p1a: Kartana
|move|p1a: Kartana|All-Out Pummeling|p2a: Tornadus|[zeffect]
|-resisted|p2a: Tornadus
|-damage|p2a: Tornadus|0 fnt
|faint|p2a: Tornadus
|-ability|p1a: Kartana|Beast Boost|boost
|-boost|p1a: Kartana|atk|1
|
|upkeep
|c| novacane af|use Spicy Empanada
|choice||switch 4
|
|switch|p2a: Ditto|Ditto|300\/300
|-damage|p2a: Ditto|263\/300|[from] Stealth Rock
|-transform|p2a: Ditto|p1a: Kartana|[from] ability: Imposter
|turn|13
|choice|switch 3|move sacredsword
|
|switch|p1a: Gyarados|Gyarados, M|341\/341
|-ability|p1a: Gyarados|Intimidate|boost
|-unboost|p2a: Ditto|atk|1
|move|p2a: Ditto|Sacred Sword|p1a: Gyarados
|-resisted|p1a: Gyarados
|-damage|p1a: Gyarados|260\/341
|
|-fieldend|move: Psychic Terrain
|upkeep
|turn|14
|c| Suigining|not to test things for being overused just for being broken
|choice|move dragondance|switch 3
|
|switch|p2a: Toxapex|Toxapex, M|304\/304
|-damage|p2a: Toxapex|266\/304|[from] Stealth Rock
|move|p1a: Gyarados|Dragon Dance|p1a: Gyarados
|-boost|p1a: Gyarados|atk|1
|-boost|p1a: Gyarados|spe|1
|
|-heal|p2a: Toxapex|285\/304|[from] item: Black Sludge
|upkeep
|turn|15
|choice|move substitute|move scald
|
|move|p1a: Gyarados|Substitute|p1a: Gyarados
|-start|p1a: Gyarados|Substitute
|-damage|p1a: Gyarados|175\/341
|move|p2a: Toxapex|Scald|p1a: Gyarados
|-resisted|p1a: Gyarados
|-activate|p1a: Gyarados|move: Substitute|[damage]
|
|-heal|p2a: Toxapex|304\/304|[from] item: Black Sludge
|upkeep
|turn|16
|choice|move earthquake mega|move haze
|
|-mega|p1a: Gyarados|Gyarados|Gyaradosite
|detailschange|p1a: Gyarados|Gyarados-Mega, M
|-ability|p1a: Gyarados|Mold Breaker
|move|p1a: Gyarados|Earthquake|p2a: Toxapex
|-supereffective|p2a: Toxapex
|-damage|p2a: Toxapex|88\/304
|move|p2a: Toxapex|Haze|p2a: Toxapex
|-clearallboost
|
|-heal|p2a: Toxapex|107\/304|[from] item: Black Sludge
|upkeep
|turn|17
|choice|move dragondance|switch 5
|
|switch|p2a: Zygarde|Zygarde|357\/357
|-damage|p2a: Zygarde|335\/357|[from] Stealth Rock
|-ability|p2a: Zygarde|Aura Break
|move|p1a: Gyarados|Dragon Dance|p1a: Gyarados
|-boost|p1a: Gyarados|atk|1
|-boost|p1a: Gyarados|spe|1
|
|upkeep
|turn|18
|c| FURFUN|how is pex broken?
|choice|move crunch|move thousandarrows
|
|move|p1a: Gyarados|Crunch|p2a: Zygarde
|-damage|p2a: Zygarde|134\/357
|move|p2a: Zygarde|Thousand Arrows|p1a: Gyarados
|-end|p1a: Gyarados|Substitute
|
|upkeep
|turn|19
|choice|move crunch|move thousandarrows
|
|move|p1a: Gyarados|Crunch|p2a: Zygarde
|-damage|p2a: Zygarde|0 fnt
|faint|p2a: Zygarde
|
|upkeep
|choice||switch 3
|
|switch|p2a: Ditto|Ditto|263\/300
|-damage|p2a: Ditto|226\/300|[from] Stealth Rock
|-transform|p2a: Ditto|p1a: Gyarados|[from] ability: Imposter
|-ability|p2a: Ditto|Mold Breaker
|turn|20
|choice|move earthquake|move earthquake
|
|move|p2a: Ditto|Earthquake|p1a: Gyarados
|-damage|p1a: Gyarados|0 fnt
|faint|p1a: Gyarados
|
|upkeep
|c| Suigining|i think it instawins vs stall or something
|choice|switch 6|
|
|switch|p1a: Magearna|Magearna|364\/364
|turn|21
|j|WECAMEASROMANS
|choice|move thunderbolt|switch 6
|
|switch|p2a: Chansey|Chansey, F|590\/703
|-damage|p2a: Chansey|503\/703|[from] Stealth Rock
|move|p1a: Magearna|Thunderbolt|p2a: Chansey
|-damage|p2a: Chansey|426\/703
|
|upkeep
|turn|22
|choice|switch 3|move softboiled
|
|switch|p1a: Kartana|Kartana|195\/259
|move|p2a: Chansey|Soft-Boiled|p2a: Chansey
|-heal|p2a: Chansey|703\/703
|
|upkeep
|turn|23
|c| Suigining|that's the reasoning i read
|choice|move substitute|switch 5
|
|switch|p2a: Toxapex|Toxapex, M|208\/304
|-damage|p2a: Toxapex|170\/304|[from] Stealth Rock
|move|p1a: Kartana|Substitute|p1a: Kartana
|-start|p1a: Kartana|Substitute
|-damage|p1a: Kartana|131\/259
|
|-heal|p2a: Toxapex|189\/304|[from] item: Black Sludge
|upkeep
|turn|24
|c| Suigining|but my source is unbelievably shitty so
|c| FURFUN|k
|choice|move leafblade|move scald
|
|move|p1a: Kartana|Leaf Blade|p2a: Toxapex
|-damage|p2a: Toxapex|69\/304
|move|p2a: Toxapex|Scald|p1a: Kartana
|-resisted|p1a: Kartana
|-activate|p1a: Kartana|move: Substitute|[damage]
|
|-heal|p2a: Toxapex|88\/304|[from] item: Black Sludge
|upkeep
|turn|25
|choice|move sacredsword|move scald
|
|move|p1a: Kartana|Sacred Sword|p2a: Toxapex
|-resisted|p2a: Toxapex
|-crit|p2a: Toxapex
|-damage|p2a: Toxapex|33\/304
|move|p2a: Toxapex|Scald|p1a: Kartana
|-resisted|p1a: Kartana
|-end|p1a: Kartana|Substitute
|
|-heal|p2a: Toxapex|52\/304|[from] item: Black Sludge
|upkeep
|turn|26
|choice|move substitute|move recover
|
|move|p1a: Kartana|Substitute|p1a: Kartana
|-start|p1a: Kartana|Substitute
|-damage|p1a: Kartana|67\/259
|move|p2a: Toxapex|Recover|p2a: Toxapex
|-heal|p2a: Toxapex|204\/304
|
|-heal|p2a: Toxapex|223\/304|[from] item: Black Sludge
|upkeep
|turn|27
|l|WECAMEASROMANS
|choice|move swordsdance|move scald
|
|move|p1a: Kartana|Swords Dance|p1a: Kartana
|-boost|p1a: Kartana|atk|2
|move|p2a: Toxapex|Scald|p1a: Kartana
|-resisted|p1a: Kartana
|-activate|p1a: Kartana|move: Substitute|[damage]
|
|-heal|p2a: Toxapex|242\/304|[from] item: Black Sludge
|upkeep
|turn|28
|choice|move leafblade|move scald
|
|move|p1a: Kartana|Leaf Blade|p2a: Toxapex
|-crit|p2a: Toxapex
|-damage|p2a: Toxapex|0 fnt
|faint|p2a: Toxapex
|-ability|p1a: Kartana|Beast Boost|boost
|-boost|p1a: Kartana|atk|1
|
|upkeep
|choice||switch 2
|
|switch|p2a: Scizor|Scizor-Mega, F|77\/343
|-damage|p2a: Scizor|35\/343|[from] Stealth Rock
|turn|29
|choice|switch 5|move bulletpunch
|
|switch|p1a: Tapu Lele|Tapu Lele|246\/281 psn
|-fieldstart|move: Psychic Terrain|[from] ability: Psychic Surge|[of] p1a: Tapu Lele
|move|p2a: Scizor|Bullet Punch|p1a: Tapu Lele
|-activate|p1a: Tapu Lele|move: Psychic Terrain
|
|-damage|p1a: Tapu Lele|211\/281 psn|[from] psn
|upkeep
|turn|30
|c| FURFUN|o
|c| Michielleus|sack pex, break with sciz, copy with ditto
|c| Michielleus|easy
|c| Michielleus|oh no!
|choice|move psyshock|move uturn
|
|move|p1a: Tapu Lele|Psyshock|p2a: Scizor
|-resisted|p2a: Scizor
|-damage|p2a: Scizor|0 fnt
|faint|p2a: Scizor
|
|-damage|p1a: Tapu Lele|176\/281 psn|[from] psn
|upkeep
|choice||switch 5
|
|switch|p2a: Chansey|Chansey, F|703\/703
|-damage|p2a: Chansey|616\/703|[from] Stealth Rock
|turn|31
|c| FURFUN|?
|choice|move psyshock|move softboiled
|
|move|p1a: Tapu Lele|Psyshock|p2a: Chansey
|-damage|p2a: Chansey|346\/703
|move|p2a: Chansey|Soft-Boiled|p2a: Chansey
|-heal|p2a: Chansey|698\/703
|
|-damage|p1a: Tapu Lele|141\/281 psn|[from] psn
|upkeep
|turn|32
|choice|move psyshock|move softboiled
|
|move|p1a: Tapu Lele|Psyshock|p2a: Chansey
|-damage|p2a: Chansey|431\/703
|move|p2a: Chansey|Soft-Boiled|p2a: Chansey
|-heal|p2a: Chansey|703\/703
|
|-damage|p1a: Tapu Lele|106\/281 psn|[from] psn
|upkeep
|turn|33
|choice|switch 5|switch 6
|
|switch|p1a: Kartana|Kartana|67\/259
|switch|p2a: Ditto|Ditto|226\/300
|-damage|p2a: Ditto|189\/300|[from] Stealth Rock
|-transform|p2a: Ditto|p1a: Kartana|[from] ability: Imposter
|
|-fieldend|move: Psychic Terrain
|upkeep
|turn|34
|c| Michielleus|g00d sh1t
|c| FURFUN|oh wow
|choice|switch 3|move sacredsword
|
|switch|p1a: Magearna|Magearna|364\/364
|move|p2a: Ditto|Sacred Sword|p1a: Magearna
|-damage|p1a: Magearna|234\/364
|
|upkeep
|turn|35
|c| Michielleus|use pummeling
|c| Michielleus|haha
|choice|switch 3|switch 6
|
|switch|p2a: Chansey|Chansey, F|703\/703
|-damage|p2a: Chansey|616\/703|[from] Stealth Rock
|switch|p1a: Kartana|Kartana|67\/259
|
|upkeep
|turn|36
|j|spaggg
|c| FURFUN|thats game
|choice|move sacredsword|move seismictoss
|
|move|p1a: Kartana|Sacred Sword|p2a: Chansey
|-supereffective|p2a: Chansey
|-damage|p2a: Chansey|286\/703
|move|p2a: Chansey|Seismic Toss|p1a: Kartana
|-damage|p1a: Kartana|0 fnt
|faint|p1a: Kartana
|
|upkeep
|choice|switch 5|
|
|switch|p1a: Tapu Lele|Tapu Lele|106\/281 psn
|-fieldstart|move: Psychic Terrain|[from] ability: Psychic Surge|[of] p1a: Tapu Lele
|turn|37
|c| FURFUN|huh
|c|☆We|can i please
|c|☆We|get the roll
|c| FURFUN|lol
|choice|move psyshock|switch 6
|
|switch|p2a: Ditto|Ditto|189\/300
|-damage|p2a: Ditto|152\/300|[from] Stealth Rock
|-transform|p2a: Ditto|p1a: Tapu Lele|[from] ability: Imposter
|move|p1a: Tapu Lele|Psyshock|p2a: Ditto
|-resisted|p2a: Ditto
|-crit|p2a: Ditto
|-damage|p2a: Ditto|0 fnt
|faint|p2a: Ditto
|
|-damage|p1a: Tapu Lele|71\/281 psn|[from] psn
|upkeep
|c| novacane af|u dont deserve it after that choke
|c| spaggg|tru
|c| spaggg|OMFG
|c| FURFUN|o
|c|☆We|:\/\/\/
|c|☆chwag III|gay
|c|☆chwag III|what youre elo
|c|☆We|uh
|c|☆We|like
|c| FURFUN|2026
|c|☆We|2060
|c| FURFUN|lol
|c|☆chwag III|im gonna lose lots
|c|☆chwag III|shid
|c|☆We|rip
|c| novacane af|forfeit
|c|☆We|im done for today
|c|☆We|so
|c| spaggg|forfeit
|c|☆We|i wont snipe again
|c| spaggg|jsut forfeit dude
|c|☆We|no u
|choice||switch 6
|
|switch|p2a: Chansey|Chansey, F|286\/703
|-damage|p2a: Chansey|199\/703|[from] Stealth Rock
|turn|38
|c|☆We|p2's better than i am anyways
|c|☆We|he can get them back ez
|c|☆chwag III|could tie it
|c|☆chwag III|kek
|c|☆We|:^)
|c| spaggg|fuck that
|c| spaggg|take the points goy
|c|☆We|gg mate
|c|☆chwag III|lole
|choice|move psyshock|move softboiled
|
|move|p1a: Tapu Lele|Psyshock|p2a: Chansey
|-damage|p2a: Chansey|0 fnt
|faint|p2a: Chansey
|
|win|We
|c| spaggg|initiate the timer
|l|chwag III
|l|Honus
|l|spaggg
|raw|We's rating: 2063 &rarr; <strong>2086<\/strong><br \/>(+23 for winning)
|raw|chwag III's rating: 2119 &rarr; <strong>2095<\/strong><br \/>(-24 for losing)
|l|FURFUN
|j|spaggg
|l|We
|l|braiatan
|l|kenliao99
|j|braiatan
|l|braiatan
|l|Michielleus</script>
</div>
<div class="battle-log battle-log-inline"><div class="inner"><div class="battle-options"></div><div class="inner"><div class="chat"><small>We joined.</small></div><div class="chat"><small>chwag III joined.</small></div><div class=""><small>Format:</small> <br><strong>[Gen 7] OU</strong></div><div class="rated"><strong>Rated battle</strong></div><div class=""><small><em>Sleep Clause Mod:</em> Limit one foe put to sleep</small></div><div class=""><small><em>Species Clause:</em> Limit one of each Pokémon</small></div><div class=""><small><em>OHKO Clause:</em> OHKO moves are banned</small></div><div class=""><small><em>Moody Clause:</em> Moody is banned</small></div><div class=""><small><em>Evasion Moves Clause:</em> Evasion moves are banned</small></div><div class=""><small><em>Endless Battle Clause:</em> Forcing endless battles is banned</small></div><div class=""><small><em>HP Percentage Mod:</em> HP is shown in percentages</small></div><div class="chat battle-history"><strong>We's team:</strong> <em style="color:#445566;display:block;">Landorus-Therian / Greninja / Gyarados / Kartana / Tapu Lele / Magearna</em></div><div class="chat battle-history"><strong>chwag III's team:</strong> <em style="color:#445566;display:block;">Scizor / Tornadus-Therian / Chansey / Ditto / Zygarde / Toxapex</em></div><div class="chat"><small>m1123 joined.</small></div><div class="chat chatmessage-we"><strong style="color:hsl(159,48%,38%);"><small>☆</small><span class="username" data-name="We">We</span>:</strong> <em>man</em></div><div class="chat"><small>kenliao99 joined.</small></div><div class="chat chatmessage-chwagiii"><strong style="color:hsl(232,50%,58.77992792746667%);"><small>☆</small><span class="username" data-name="chwag III">chwag III</span>:</strong> <em>FUCK</em></div><div class="chat"><small>FURFUN joined.</small></div><div class="chat chatmessage-we"><strong style="color:hsl(159,48%,38%);"><small>☆</small><span class="username" data-name="We">We</span>:</strong> <em>i knew that was gonna happen</em></div><div class="chat chatmessage-we"><strong style="color:hsl(159,48%,38%);"><small>☆</small><span class="username" data-name="We">We</span>:</strong> <em>ffs</em></div><div class="chat chatmessage-furfun"><strong style="color:hsl(66,45%,41.89745359456936%);"><small> </small><span class="username" data-name="FURFUN">FURFUN</span>:</strong> <em>whooo</em></div><div class="chat"><small>Celtis Laddering joined.</small></div><div class="spacer battle-history"><br></div><div class="battle-history">Battle started between We and chwag III!<br></div><div class="spacer battle-history"><br></div><div class="battle-history">Go! Landorus (<strong>Landorus-Therian</strong>)!<br></div><div class="spacer battle-history"><br></div><div class="battle-history">chwag III sent out <strong>Scizor</strong>!<br></div><div class="battle-history"><small>[Landorus's Intimidate]</small><br></div><div class="battle-history"><small>The opposing Scizor's Attack fell!</small><br></div><div class="spacer battle-history"><br></div><h2 class="battle-history">Turn 1</h2><div class="spacer battle-history"><br></div><div class="battle-history"><small>The opposing Scizor's Scizorite is reacting to the Key Stone!</small><br>The opposing Scizor has Mega Evolved into Mega Scizor!<br></div><div class="spacer battle-history"><br></div><div class="battle-history">Landorus used <strong>Stealth Rock</strong>!<br></div><div class="battle-history"><small>Pointed stones float in the air around the opposing team!</small><br></div><div class="spacer battle-history"><br></div><div class="battle-history">The opposing Scizor used <strong>Hidden Power</strong>!<br></div><div class="battle-history"><small>It's super effective!</small><br></div><div class="battle-history"><small>(Landorus lost <abbr title="−216/319">67.7%</abbr> of its health!)</small><br></div><div class="spacer battle-history"><br></div><h2 class="battle-history">Turn 2</h2><div class="spacer battle-history"><br></div><div class="battle-history">Landorus used <strong>Earthquake</strong>!<br></div><div class="battle-history"><small>(The opposing Scizor lost <abbr title="−114/343">33.2%</abbr> of its health!)</small><br></div><div class="spacer battle-history"><br></div><div class="battle-history">The opposing Scizor used <strong>Hidden Power</strong>!<br></div><div class="battle-history"><small>It's super effective!</small><br></div><div class="battle-history"><small>(Landorus lost <abbr title="−103/319">32.3%</abbr> of its health!)</small><br></div><div class="spacer battle-history"><br></div><div class="battle-history">Landorus fainted!<br></div><div class="chat"><small>Michielleus joined.</small></div><div class="chat chatmessage-michielleus"><strong style="color:hsl(247,77%,63.034458651442%);"><small> </small><span class="username" data-name="Michielleus">Michielleus</span>:</strong> <em>great</em></div><div class="chat chatmessage-michielleus"><strong style="color:hsl(247,77%,63.034458651442%);"><small> </small><span class="username" data-name="Michielleus">Michielleus</span>:</strong> <em>you sniped each other</em></div><div class="spacer battle-history"><br></div><div class="battle-history">Go! <strong>Greninja</strong>!<br></div><div class="spacer battle-history"><br></div><h2 class="battle-history">Turn 3</h2><div class="chat chatmessage-we"><strong style="color:hsl(159,48%,38%);"><small>☆</small><span class="username" data-name="We">We</span>:</strong> <em>not on purpose mind you</em></div><div class="chat"><small>Suigining joined.</small></div><div class="chat chatmessage-chwagiii"><strong style="color:hsl(232,50%,58.77992792746667%);"><small>☆</small><span class="username" data-name="chwag III">chwag III</span>:</strong> <em>no i just wanted to beat empoop</em></div><div class="chat"><small>braiatan joined.</small></div><div class="spacer battle-history"><br></div><div class="battle-history">chwag III withdrew Scizor!<br></div><div class="battle-history">chwag III sent out <strong>Toxapex</strong>!<br></div><div class="battle-history"><small>Pointed stones dug into the opposing Toxapex!</small><br></div><div class="spacer battle-history"><br></div><div class="battle-history">Greninja used <strong>Hydro Pump</strong>!<br></div><div class="battle-history"><small>It's not very effective...</small><br></div><div class="battle-history"><small>(The opposing Toxapex lost <abbr title="−90/304">29.6%</abbr> of its health!)</small><br></div><div class="spacer battle-history"><br></div><div class="battle-history"><small>The opposing Toxapex restored a little HP using its Black Sludge!</small><br></div><div class="spacer battle-history"><br></div><h2 class="battle-history">Turn 4</h2><div class="spacer battle-history"><br></div><div class="battle-history">Greninja, come back!<br></div><div class="battle-history">Go! <strong>Tapu Lele</strong>!<br></div><div class="battle-history"><small>[Tapu Lele's Psychic Surge]</small><br><small>The battlefield got weird!</small><br></div><div class="spacer battle-history"><br></div><div class="battle-history">The opposing Toxapex used <strong>Toxic Spikes</strong>!<br></div><div class="battle-history"><small>Poison spikes were scattered on the ground all around your team!</small><br></div><div class="spacer battle-history"><br></div><div class="battle-history"><small>The opposing Toxapex restored a little HP using its Black Sludge!</small><br></div><div class="spacer battle-history"><br></div><h2 class="battle-history">Turn 5</h2><div class="chat chatmessage-suigining"><strong style="color:hsl(74,74%,34%);"><small> </small><span class="username" data-name="Suigining">Suigining</span>:</strong> <em>are they really gonna suspect toxapex</em></div><div class="spacer battle-history"><br></div><div class="battle-history">chwag III withdrew Toxapex!<br></div><div class="battle-history">chwag III sent out <strong>Chansey</strong>!<br></div><div class="battle-history"><small>Pointed stones dug into the opposing Chansey!</small><br></div><div class="spacer battle-history"><br></div><div class="battle-history">Tapu Lele used <strong>Psyshock</strong>!<br></div><div class="battle-history"><small>(The opposing Chansey lost <abbr title="−291/703">41.4%</abbr> of its health!)</small><br></div><div class="spacer battle-history"><br></div><h2 class="battle-history">Turn 6</h2><div class="chat chatmessage-we"><strong style="color:hsl(159,48%,38%);"><small>☆</small><span class="username" data-name="We">We</span>:</strong> <em>not with abr in charge</em></div><div class="spacer battle-history"><br></div><div class="battle-history">Tapu Lele, come back!<br></div><div class="battle-history">Go! <strong>Kartana</strong>!<br></div><div class="spacer battle-history"><br></div><div class="battle-history">The opposing Chansey used <strong>Soft-Boiled</strong>!<br></div><div class="battle-history"><small>The opposing Chansey restored its HP.</small><br></div><div class="spacer battle-history"><br></div><h2 class="battle-history">Turn 7</h2><div class="chat"><small>novacane af joined.</small></div><div class="chat chatmessage-furfun"><strong style="color:hsl(66,45%,41.89745359456936%);"><small> </small><span class="username" data-name="FURFUN">FURFUN</span>:</strong> <em>?</em></div><div class="chat chatmessage-suigining"><strong style="color:hsl(74,74%,34%);"><small> </small><span class="username" data-name="Suigining">Suigining</span>:</strong> <em>cool</em></div><div class="chat chatmessage-furfun"><strong style="color:hsl(66,45%,41.89745359456936%);"><small> </small><span class="username" data-name="FURFUN">FURFUN</span>:</strong> <em>pex?</em></div><div class="spacer battle-history"><br></div><div class="battle-history">chwag III withdrew Chansey!<br></div><div class="battle-history">chwag III sent out Tornadus (<strong>Tornadus-Therian</strong>)!<br></div><div class="battle-history"><small>Pointed stones dug into the opposing Tornadus!</small><br></div><div class="spacer battle-history"><br></div><div class="battle-history">Kartana used <strong>Leaf Blade</strong>!<br></div><div class="battle-history"><small>It's not very effective...</small><br></div><div class="battle-history"><small>(The opposing Tornadus lost <abbr title="−115/299">38.5%</abbr> of its health!)</small><br></div><div class="spacer battle-history"><br></div><h2 class="battle-history">Turn 8</h2><div class="chat chatmessage-suigining"><strong style="color:hsl(74,74%,34%);"><small> </small><span class="username" data-name="Suigining">Suigining</span>:</strong> <em>i heard rumors</em></div><div class="spacer battle-history"><br></div><div class="battle-history">Kartana, come back!<br></div><div class="battle-history">Go! <strong>Greninja</strong>!<br></div><div class="battle-history"><small>Greninja was poisoned!</small><br></div><div class="battle-history"><small>The opposing Tornadus surrounded itself with its Z-Power!</small><br></div><div class="spacer battle-history"><br></div><div class="battle-history">The opposing Tornadus used <strong>Supersonic Skystrike</strong>!<br></div><div class="battle-history"><small>(Greninja lost <abbr title="−285/285">100%</abbr> of its health!)</small><br></div><div class="spacer battle-history"><br></div><div class="battle-history">Greninja fainted!<br></div><div class="spacer battle-history"><br></div><div class="battle-history"><small>The weirdness disappeared from the battlefield!</small><br></div><div class="spacer battle-history"><br></div><div class="battle-history">Go! <strong>Tapu Lele</strong>!<br></div><div class="battle-history"><small>Tapu Lele was poisoned!</small><br></div><div class="battle-history"><small>[Tapu Lele's Psychic Surge]</small><br><small>The battlefield got weird!</small><br></div><div class="spacer battle-history"><br></div><h2 class="battle-history">Turn 9</h2><div class="chat chatmessage-furfun"><strong style="color:hsl(66,45%,41.89745359456936%);"><small> </small><span class="username" data-name="FURFUN">FURFUN</span>:</strong> <em>i would think lando</em></div><div class="spacer battle-history"><br></div><div class="battle-history">chwag III withdrew Tornadus!<br></div><div class="battle-history">chwag III sent out Scizor (<strong>Scizor-Mega</strong>)!<br></div><div class="battle-history"><small>Pointed stones dug into the opposing Scizor!</small><br></div><div class="spacer battle-history"><br></div><div class="battle-history">Tapu Lele used <strong>Psychic</strong>!<br></div><div class="battle-history"><small>It's not very effective...</small><br></div><div class="battle-history"><small>(The opposing Scizor lost <abbr title="−110/343">32.1%</abbr> of its health!)</small><br></div><div class="spacer battle-history"><br></div><div class="battle-history"><small>Tapu Lele was hurt by poison!</small><br></div><div class="spacer battle-history"><br></div><h2 class="battle-history">Turn 10</h2><div class="chat"><small>m1123 left.</small></div><div class="chat chatmessage-suigining"><strong style="color:hsl(74,74%,34%);"><small> </small><span class="username" data-name="Suigining">Suigining</span>:</strong> <em>why lando</em></div><div class="spacer battle-history"><br></div><div class="battle-history">Tapu Lele, come back!<br></div><div class="battle-history">Go! <strong>Kartana</strong>!<br></div><div class="spacer battle-history"><br></div><div class="battle-history">chwag III withdrew Scizor!<br></div><div class="battle-history">chwag III sent out <strong>Chansey</strong>!<br></div><div class="battle-history"><small>Pointed stones dug into the opposing Chansey!</small><br></div><div class="spacer battle-history"><br></div><h2 class="battle-history">Turn 11</h2><div class="chat"><small>Fluffeon joined.</small></div><div class="chat chatmessage-furfun"><strong style="color:hsl(66,45%,41.89745359456936%);"><small> </small><span class="username" data-name="FURFUN">FURFUN</span>:</strong> <em>i feel its in almost every team</em></div><div class="chat chatmessage-novacaneaf"><strong style="color:hsl(53,74%,35%);"><small> </small><span class="username" data-name="novacane af">novacane af</span>:</strong> <em>so?</em></div><div class="spacer battle-history"><br></div><div class="battle-history">chwag III withdrew Chansey!<br></div><div class="battle-history">chwag III sent out Tornadus (<strong>Tornadus-Therian</strong>)!<br></div><div class="battle-history"><small>Pointed stones dug into the opposing Tornadus!</small><br></div><div class="spacer battle-history"><br></div><div class="battle-history">Kartana used <strong>Substitute</strong>!<br></div><div class="battle-history"><small>Kartana put in a substitute!</small><br></div><div class="battle-history"><small>(Kartana lost <abbr title="−64/259">24.7%</abbr> of its health!)</small><br></div><div class="spacer battle-history"><br></div><h2 class="battle-history">Turn 12</h2><div class="chat"><small>Spicy Empanada joined.</small></div><div class="chat chatmessage-michielleus"><strong style="color:hsl(247,77%,63.034458651442%);"><small> </small><span class="username" data-name="Michielleus">Michielleus</span>:</strong> <em>use sound heat wave</em></div><div class="chat chatmessage-suigining"><strong style="color:hsl(74,74%,34%);"><small> </small><span class="username" data-name="Suigining">Suigining</span>:</strong> <em>use bug buzz</em></div><div class="chat"><small>Spicy Empanada left.</small></div><div class="chat chatmessage-furfun"><strong style="color:hsl(66,45%,41.89745359456936%);"><small> </small><span class="username" data-name="FURFUN">FURFUN</span>:</strong> <em>isnt that the purpose of suspect tests?</em></div><div class="spacer battle-history"><br></div><div class="battle-history">The opposing Tornadus used <strong>Superpower</strong>!<br></div><div class="battle-history"><small>It's super effective!</small><br></div><div class="battle-history"><small>Kartana's substitute faded!</small><br></div><div class="battle-history"><small>The opposing Tornadus's Attack fell!</small><br></div><div class="battle-history"><small>The opposing Tornadus's Defense fell!</small><br></div><div class="battle-history"><small>Kartana surrounded itself with its Z-Power!</small><br></div><div class="spacer battle-history"><br></div><div class="battle-history">Kartana used <strong>All-Out Pummeling</strong>!<br></div><div class="battle-history"><small>It's not very effective...</small><br></div><div class="battle-history"><small>(The opposing Tornadus lost <abbr title="−135/299">45.2%</abbr> of its health!)</small><br></div><div class="spacer battle-history"><br></div><div class="battle-history">The opposing Tornadus fainted!<br></div><div class="battle-history"><small>[Kartana's Beast Boost]</small><br></div><div class="battle-history"><small>Kartana's Attack rose!</small><br></div><div class="chat chatmessage-novacaneaf"><strong style="color:hsl(53,74%,35%);"><small> </small><span class="username" data-name="novacane af">novacane af</span>:</strong> <em>use Spicy Empanada</em></div><div class="spacer battle-history"><br></div><div class="battle-history">chwag III sent out <strong>Ditto</strong>!<br></div><div class="battle-history"><small>Pointed stones dug into the opposing Ditto!</small><br></div><div class="battle-history"><small>[The opposing Ditto's Imposter]</small><br>The opposing Ditto transformed into Kartana!<br></div><div class="spacer battle-history"><br></div><h2 class="battle-history">Turn 13</h2><div class="spacer battle-history"><br></div><div class="battle-history">Kartana, come back!<br></div><div class="battle-history">Go! <strong>Gyarados</strong>!<br></div><div class="battle-history"><small>[Gyarados's Intimidate]</small><br></div><div class="battle-history"><small>The opposing Ditto's Attack fell!</small><br></div><div class="spacer battle-history"><br></div><div class="battle-history">The opposing Ditto used <strong>Sacred Sword</strong>!<br></div><div class="battle-history"><small>It's not very effective...</small><br></div><div class="battle-history"><small>(Gyarados lost <abbr title="−81/341">23.8%</abbr> of its health!)</small><br></div><div class="spacer battle-history"><br></div><div class="battle-history"><small>The weirdness disappeared from the battlefield!</small><br></div><div class="spacer battle-history"><br></div><h2 class="battle-history">Turn 14</h2><div class="chat chatmessage-suigining"><strong style="color:hsl(74,74%,34%);"><small> </small><span class="username" data-name="Suigining">Suigining</span>:</strong> <em>not to test things for being overused just for being broken</em></div><div class="spacer battle-history"><br></div><div class="battle-history">chwag III withdrew Ditto!<br></div><div class="battle-history">chwag III sent out <strong>Toxapex</strong>!<br></div><div class="battle-history"><small>Pointed stones dug into the opposing Toxapex!</small><br></div><div class="spacer battle-history"><br></div><div class="battle-history">Gyarados used <strong>Dragon Dance</strong>!<br></div><div class="battle-history"><small>Gyarados's Attack rose!</small><br></div><div class="battle-history"><small>Gyarados's Speed rose!</small><br></div><div class="spacer battle-history"><br></div><div class="battle-history"><small>The opposing Toxapex restored a little HP using its Black Sludge!</small><br></div><div class="spacer battle-history"><br></div><h2 class="battle-history">Turn 15</h2><div class="spacer battle-history"><br></div><div class="battle-history">Gyarados used <strong>Substitute</strong>!<br></div><div class="battle-history"><small>Gyarados put in a substitute!</small><br></div><div class="battle-history"><small>(Gyarados lost <abbr title="−85/341">24.9%</abbr> of its health!)</small><br></div><div class="spacer battle-history"><br></div><div class="battle-history">The opposing Toxapex used <strong>Scald</strong>!<br></div><div class="battle-history"><small>It's not very effective...</small><br></div><div class="battle-history"><small>The substitute took damage for Gyarados!</small><br></div><div class="spacer battle-history"><br></div><div class="battle-history"><small>The opposing Toxapex restored a little HP using its Black Sludge!</small><br></div><div class="spacer battle-history"><br></div><h2 class="battle-history">Turn 16</h2><div class="spacer battle-history"><br></div><div class="battle-history"><small>Gyarados's Gyaradosite is reacting to the Key Stone!</small><br>Gyarados has Mega Evolved into Mega Gyarados!<br></div><div class="battle-history"><small>[Gyarados's Mold Breaker]</small><br><small>Gyarados breaks the mold!</small><br></div><div class="spacer battle-history"><br></div><div class="battle-history">Gyarados used <strong>Earthquake</strong>!<br></div><div class="battle-history"><small>It's super effective!</small><br></div><div class="battle-history"><small>(The opposing Toxapex lost <abbr title="−216/304">71.1%</abbr> of its health!)</small><br></div><div class="spacer battle-history"><br></div><div class="battle-history">The opposing Toxapex used <strong>Haze</strong>!<br></div><div class="battle-history"><small>All stat changes were eliminated!</small><br></div><div class="spacer battle-history"><br></div><div class="battle-history"><small>The opposing Toxapex restored a little HP using its Black Sludge!</small><br></div><div class="spacer battle-history"><br></div><h2 class="battle-history">Turn 17</h2><div class="spacer battle-history"><br></div><div class="battle-history">chwag III withdrew Toxapex!<br></div><div class="battle-history">chwag III sent out <strong>Zygarde</strong>!<br></div><div class="battle-history"><small>Pointed stones dug into the opposing Zygarde!</small><br></div><div class="battle-history"><small>[The opposing Zygarde's Aura Break]</small><br><small>The opposing Zygarde reversed all other Pokémon's auras!</small><br></div><div class="spacer battle-history"><br></div><div class="battle-history">Gyarados used <strong>Dragon Dance</strong>!<br></div><div class="battle-history"><small>Gyarados's Attack rose!</small><br></div><div class="battle-history"><small>Gyarados's Speed rose!</small><br></div><div class="spacer battle-history"><br></div><h2 class="battle-history">Turn 18</h2><div class="chat chatmessage-furfun"><strong style="color:hsl(66,45%,41.89745359456936%);"><small> </small><span class="username" data-name="FURFUN">FURFUN</span>:</strong> <em>how is pex broken?</em></div><div class="spacer battle-history"><br></div><div class="battle-history">Gyarados used <strong>Crunch</strong>!<br></div><div class="battle-history"><small>(The opposing Zygarde lost <abbr title="−201/357">56.3%</abbr> of its health!)</small><br></div><div class="spacer battle-history"><br></div><div class="battle-history">The opposing Zygarde used <strong>Thousand Arrows</strong>!<br></div><div class="battle-history"><small>Gyarados's substitute faded!</small><br></div><div class="spacer battle-history"><br></div><h2 class="battle-history">Turn 19</h2><div class="spacer battle-history"><br></div><div class="battle-history">Gyarados used <strong>Crunch</strong>!<br></div><div class="battle-history"><small>(The opposing Zygarde lost <abbr title="−134/357">37.5%</abbr> of its health!)</small><br></div><div class="spacer battle-history"><br></div><div class="battle-history">The opposing Zygarde fainted!<br></div><div class="spacer battle-history"><br></div><div class="battle-history">chwag III sent out <strong>Ditto</strong>!<br></div><div class="battle-history"><small>Pointed stones dug into the opposing Ditto!</small><br></div><div class="battle-history"><small>[The opposing Ditto's Imposter]</small><br>The opposing Ditto transformed into Gyarados-Mega!<br></div><div class="battle-history"><small>[The opposing Ditto's Mold Breaker]</small><br><small>The opposing Ditto breaks the mold!</small><br></div><div class="spacer battle-history"><br></div><h2 class="battle-history">Turn 20</h2><div class="spacer battle-history"><br></div><div class="battle-history">The opposing Ditto used <strong>Earthquake</strong>!<br></div><div class="battle-history"><small>(Gyarados lost <abbr title="−175/341">51.3%</abbr> of its health!)</small><br></div><div class="spacer battle-history"><br></div><div class="battle-history">Gyarados fainted!<br></div><div class="chat chatmessage-suigining"><strong style="color:hsl(74,74%,34%);"><small> </small><span class="username" data-name="Suigining">Suigining</span>:</strong> <em>i think it instawins vs stall or something</em></div><div class="spacer battle-history"><br></div><div class="battle-history">Go! <strong>Magearna</strong>!<br></div><div class="spacer battle-history"><br></div><h2 class="battle-history">Turn 21</h2><div class="chat"><small>WECAMEASROMANS joined.</small></div><div class="spacer battle-history"><br></div><div class="battle-history">chwag III withdrew Ditto!<br></div><div class="battle-history">chwag III sent out <strong>Chansey</strong>!<br></div><div class="battle-history"><small>Pointed stones dug into the opposing Chansey!</small><br></div><div class="spacer battle-history"><br></div><div class="battle-history">Magearna used <strong>Thunderbolt</strong>!<br></div><div class="battle-history"><small>(The opposing Chansey lost <abbr title="−77/703">11.0%</abbr> of its health!)</small><br></div><div class="spacer battle-history"><br></div><h2 class="battle-history">Turn 22</h2><div class="spacer battle-history"><br></div><div class="battle-history">Magearna, come back!<br></div><div class="battle-history">Go! <strong>Kartana</strong>!<br></div><div class="spacer battle-history"><br></div><div class="battle-history">The opposing Chansey used <strong>Soft-Boiled</strong>!<br></div><div class="battle-history"><small>The opposing Chansey restored its HP.</small><br></div><div class="spacer battle-history"><br></div><h2 class="battle-history">Turn 23</h2><div class="chat chatmessage-suigining"><strong style="color:hsl(74,74%,34%);"><small> </small><span class="username" data-name="Suigining">Suigining</span>:</strong> <em>that's the reasoning i read</em></div><div class="spacer battle-history"><br></div><div class="battle-history">chwag III withdrew Chansey!<br></div><div class="battle-history">chwag III sent out <strong>Toxapex</strong>!<br></div><div class="battle-history"><small>Pointed stones dug into the opposing Toxapex!</small><br></div><div class="spacer battle-history"><br></div><div class="battle-history">Kartana used <strong>Substitute</strong>!<br></div><div class="battle-history"><small>Kartana put in a substitute!</small><br></div><div class="battle-history"><small>(Kartana lost <abbr title="−64/259">24.7%</abbr> of its health!)</small><br></div><div class="spacer battle-history"><br></div><div class="battle-history"><small>The opposing Toxapex restored a little HP using its Black Sludge!</small><br></div><div class="spacer battle-history"><br></div><h2 class="battle-history">Turn 24</h2><div class="chat chatmessage-suigining"><strong style="color:hsl(74,74%,34%);"><small> </small><span class="username" data-name="Suigining">Suigining</span>:</strong> <em>but my source is unbelievably shitty so</em></div><div class="chat chatmessage-furfun"><strong style="color:hsl(66,45%,41.89745359456936%);"><small> </small><span class="username" data-name="FURFUN">FURFUN</span>:</strong> <em>k</em></div><div class="spacer battle-history"><br></div><div class="battle-history">Kartana used <strong>Leaf Blade</strong>!<br></div><div class="battle-history"><small>(The opposing Toxapex lost <abbr title="−120/304">39.5%</abbr> of its health!)</small><br></div><div class="spacer battle-history"><br></div><div class="battle-history">The opposing Toxapex used <strong>Scald</strong>!<br></div><div class="battle-history"><small>It's not very effective...</small><br></div><div class="battle-history"><small>The substitute took damage for Kartana!</small><br></div><div class="spacer battle-history"><br></div><div class="battle-history"><small>The opposing Toxapex restored a little HP using its Black Sludge!</small><br></div><div class="spacer battle-history"><br></div><h2 class="battle-history">Turn 25</h2><div class="spacer battle-history"><br></div><div class="battle-history">Kartana used <strong>Sacred Sword</strong>!<br></div><div class="battle-history"><small>It's not very effective...</small><br></div><div class="battle-history"><small>A critical hit!</small><br></div><div class="battle-history"><small>(The opposing Toxapex lost <abbr title="−55/304">18.1%</abbr> of its health!)</small><br></div><div class="spacer battle-history"><br></div><div class="battle-history">The opposing Toxapex used <strong>Scald</strong>!<br></div><div class="battle-history"><small>It's not very effective...</small><br></div><div class="battle-history"><small>Kartana's substitute faded!</small><br></div><div class="spacer battle-history"><br></div><div class="battle-history"><small>The opposing Toxapex restored a little HP using its Black Sludge!</small><br></div><div class="spacer battle-history"><br></div><h2 class="battle-history">Turn 26</h2><div class="spacer battle-history"><br></div><div class="battle-history">Kartana used <strong>Substitute</strong>!<br></div><div class="battle-history"><small>Kartana put in a substitute!</small><br></div><div class="battle-history"><small>(Kartana lost <abbr title="−64/259">24.7%</abbr> of its health!)</small><br></div><div class="spacer battle-history"><br></div><div class="battle-history">The opposing Toxapex used <strong>Recover</strong>!<br></div><div class="battle-history"><small>The opposing Toxapex restored its HP.</small><br></div><div class="spacer battle-history"><br></div><div class="battle-history"><small>The opposing Toxapex restored a little HP using its Black Sludge!</small><br></div><div class="spacer battle-history"><br></div><h2 class="battle-history">Turn 27</h2><div class="chat"><small>WECAMEASROMANS left.</small></div><div class="spacer battle-history"><br></div><div class="battle-history">Kartana used <strong>Swords Dance</strong>!<br></div><div class="battle-history"><small>Kartana's Attack rose sharply!</small><br></div><div class="spacer battle-history"><br></div><div class="battle-history">The opposing Toxapex used <strong>Scald</strong>!<br></div><div class="battle-history"><small>It's not very effective...</small><br></div><div class="battle-history"><small>The substitute took damage for Kartana!</small><br></div><div class="spacer battle-history"><br></div><div class="battle-history"><small>The opposing Toxapex restored a little HP using its Black Sludge!</small><br></div><div class="spacer battle-history"><br></div><h2 class="battle-history">Turn 28</h2><div class="spacer battle-history"><br></div><div class="battle-history">Kartana used <strong>Leaf Blade</strong>!<br></div><div class="battle-history"><small>A critical hit!</small><br></div><div class="battle-history"><small>(The opposing Toxapex lost <abbr title="−242/304">79.6%</abbr> of its health!)</small><br></div><div class="spacer battle-history"><br></div><div class="battle-history">The opposing Toxapex fainted!<br></div><div class="battle-history"><small>[Kartana's Beast Boost]</small><br></div><div class="battle-history"><small>Kartana's Attack rose!</small><br></div><div class="spacer battle-history"><br></div><div class="battle-history">chwag III sent out Scizor (<strong>Scizor-Mega</strong>)!<br></div><div class="battle-history"><small>Pointed stones dug into the opposing Scizor!</small><br></div><div class="spacer battle-history"><br></div><h2 class="battle-history">Turn 29</h2><div class="spacer battle-history"><br></div><div class="battle-history">Kartana, come back!<br></div><div class="battle-history">Go! <strong>Tapu Lele</strong>!<br></div><div class="battle-history"><small>[Tapu Lele's Psychic Surge]</small><br><small>The battlefield got weird!</small><br></div><div class="spacer battle-history"><br></div><div class="battle-history">The opposing Scizor used <strong>Bullet Punch</strong>!<br></div><div class="battle-history"><small>Tapu Lele surrounds itself with psychic terrain!</small><br></div><div class="spacer battle-history"><br></div><div class="battle-history"><small>Tapu Lele was hurt by poison!</small><br></div><div class="spacer battle-history"><br></div><h2 class="battle-history">Turn 30</h2><div class="chat chatmessage-furfun"><strong style="color:hsl(66,45%,41.89745359456936%);"><small> </small><span class="username" data-name="FURFUN">FURFUN</span>:</strong> <em>o</em></div><div class="chat chatmessage-michielleus"><strong style="color:hsl(247,77%,63.034458651442%);"><small> </small><span class="username" data-name="Michielleus">Michielleus</span>:</strong> <em>sack pex, break with sciz, copy with ditto</em></div><div class="chat chatmessage-michielleus"><strong style="color:hsl(247,77%,63.034458651442%);"><small> </small><span class="username" data-name="Michielleus">Michielleus</span>:</strong> <em>easy</em></div><div class="chat chatmessage-michielleus"><strong style="color:hsl(247,77%,63.034458651442%);"><small> </small><span class="username" data-name="Michielleus">Michielleus</span>:</strong> <em>oh no!</em></div><div class="spacer battle-history"><br></div><div class="battle-history">Tapu Lele used <strong>Psyshock</strong>!<br></div><div class="battle-history"><small>It's not very effective...</small><br></div><div class="battle-history"><small>(The opposing Scizor lost <abbr title="−35/343">10.2%</abbr> of its health!)</small><br></div><div class="spacer battle-history"><br></div><div class="battle-history">The opposing Scizor fainted!<br></div><div class="spacer battle-history"><br></div><div class="battle-history"><small>Tapu Lele was hurt by poison!</small><br></div><div class="spacer battle-history"><br></div><div class="battle-history">chwag III sent out <strong>Chansey</strong>!<br></div><div class="battle-history"><small>Pointed stones dug into the opposing Chansey!</small><br></div><div class="spacer battle-history"><br></div><h2 class="battle-history">Turn 31</h2><div class="chat chatmessage-furfun"><strong style="color:hsl(66,45%,41.89745359456936%);"><small> </small><span class="username" data-name="FURFUN">FURFUN</span>:</strong> <em>?</em></div><div class="spacer battle-history"><br></div><div class="battle-history">Tapu Lele used <strong>Psyshock</strong>!<br></div><div class="battle-history"><small>(The opposing Chansey lost <abbr title="−270/703">38.4%</abbr> of its health!)</small><br></div><div class="spacer battle-history"><br></div><div class="battle-history">The opposing Chansey used <strong>Soft-Boiled</strong>!<br></div><div class="battle-history"><small>The opposing Chansey restored its HP.</small><br></div><div class="spacer battle-history"><br></div><div class="battle-history"><small>Tapu Lele was hurt by poison!</small><br></div><div class="spacer battle-history"><br></div><h2 class="battle-history">Turn 32</h2><div class="spacer battle-history"><br></div><div class="battle-history">Tapu Lele used <strong>Psyshock</strong>!<br></div><div class="battle-history"><small>(The opposing Chansey lost <abbr title="−267/703">38.0%</abbr> of its health!)</small><br></div><div class="spacer battle-history"><br></div><div class="battle-history">The opposing Chansey used <strong>Soft-Boiled</strong>!<br></div><div class="battle-history"><small>The opposing Chansey restored its HP.</small><br></div><div class="spacer battle-history"><br></div><div class="battle-history"><small>Tapu Lele was hurt by poison!</small><br></div><div class="spacer battle-history"><br></div><h2 class="battle-history">Turn 33</h2><div class="spacer battle-history"><br></div><div class="battle-history">Tapu Lele, come back!<br></div><div class="battle-history">Go! <strong>Kartana</strong>!<br></div><div class="spacer battle-history"><br></div><div class="battle-history">chwag III withdrew Chansey!<br></div><div class="battle-history">chwag III sent out <strong>Ditto</strong>!<br></div><div class="battle-history"><small>Pointed stones dug into the opposing Ditto!</small><br></div><div class="battle-history"><small>[The opposing Ditto's Imposter]</small><br>The opposing Ditto transformed into Kartana!<br></div><div class="spacer battle-history"><br></div><div class="battle-history"><small>The weirdness disappeared from the battlefield!</small><br></div><div class="spacer battle-history"><br></div><h2 class="battle-history">Turn 34</h2><div class="chat chatmessage-michielleus"><strong style="color:hsl(247,77%,63.034458651442%);"><small> </small><span class="username" data-name="Michielleus">Michielleus</span>:</strong> <em>g00d sh1t</em></div><div class="chat chatmessage-furfun"><strong style="color:hsl(66,45%,41.89745359456936%);"><small> </small><span class="username" data-name="FURFUN">FURFUN</span>:</strong> <em>oh wow</em></div><div class="spacer battle-history"><br></div><div class="battle-history">Kartana, come back!<br></div><div class="battle-history">Go! <strong>Magearna</strong>!<br></div><div class="spacer battle-history"><br></div><div class="battle-history">The opposing Ditto used <strong>Sacred Sword</strong>!<br></div><div class="battle-history"><small>(Magearna lost <abbr title="−130/364">35.7%</abbr> of its health!)</small><br></div><div class="spacer battle-history"><br></div><h2 class="battle-history">Turn 35</h2><div class="chat chatmessage-michielleus"><strong style="color:hsl(247,77%,63.034458651442%);"><small> </small><span class="username" data-name="Michielleus">Michielleus</span>:</strong> <em>use pummeling</em></div><div class="chat chatmessage-michielleus"><strong style="color:hsl(247,77%,63.034458651442%);"><small> </small><span class="username" data-name="Michielleus">Michielleus</span>:</strong> <em>haha</em></div><div class="spacer battle-history"><br></div><div class="battle-history">chwag III withdrew Ditto!<br></div><div class="battle-history">chwag III sent out <strong>Chansey</strong>!<br></div><div class="battle-history"><small>Pointed stones dug into the opposing Chansey!</small><br></div><div class="spacer battle-history"><br></div><div class="battle-history">Magearna, come back!<br></div><div class="battle-history">Go! <strong>Kartana</strong>!<br></div><div class="spacer battle-history"><br></div><h2 class="battle-history">Turn 36</h2><div class="chat"><small>spaggg joined.</small></div><div class="chat chatmessage-furfun"><strong style="color:hsl(66,45%,41.89745359456936%);"><small> </small><span class="username" data-name="FURFUN">FURFUN</span>:</strong> <em>thats game</em></div><div class="spacer battle-history"><br></div><div class="battle-history">Kartana used <strong>Sacred Sword</strong>!<br></div><div class="battle-history"><small>It's super effective!</small><br></div><div class="battle-history"><small>(The opposing Chansey lost <abbr title="−330/703">46.9%</abbr> of its health!)</small><br></div><div class="spacer battle-history"><br></div><div class="battle-history">The opposing Chansey used <strong>Seismic Toss</strong>!<br></div><div class="battle-history"><small>(Kartana lost <abbr title="−67/259">25.9%</abbr> of its health!)</small><br></div><div class="spacer battle-history"><br></div><div class="battle-history">Kartana fainted!<br></div><div class="spacer battle-history"><br></div><div class="battle-history">Go! <strong>Tapu Lele</strong>!<br></div><div class="battle-history"><small>[Tapu Lele's Psychic Surge]</small><br><small>The battlefield got weird!</small><br></div><div class="spacer battle-history"><br></div><h2 class="battle-history">Turn 37</h2><div class="chat chatmessage-furfun"><strong style="color:hsl(66,45%,41.89745359456936%);"><small> </small><span class="username" data-name="FURFUN">FURFUN</span>:</strong> <em>huh</em></div><div class="chat chatmessage-we"><strong style="color:hsl(159,48%,38%);"><small>☆</small><span class="username" data-name="We">We</span>:</strong> <em>can i please</em></div><div class="chat chatmessage-we"><strong style="color:hsl(159,48%,38%);"><small>☆</small><span class="username" data-name="We">We</span>:</strong> <em>get the roll</em></div><div class="chat chatmessage-furfun"><strong style="color:hsl(66,45%,41.89745359456936%);"><small> </small><span class="username" data-name="FURFUN">FURFUN</span>:</strong> <em>lol</em></div><div class="spacer battle-history"><br></div><div class="battle-history">chwag III withdrew Chansey!<br></div><div class="battle-history">chwag III sent out <strong>Ditto</strong>!<br></div><div class="battle-history"><small>Pointed stones dug into the opposing Ditto!</small><br></div><div class="battle-history"><small>[The opposing Ditto's Imposter]</small><br>The opposing Ditto transformed into Tapu Lele!<br></div><div class="spacer battle-history"><br></div><div class="battle-history">Tapu Lele used <strong>Psyshock</strong>!<br></div><div class="battle-history"><small>It's not very effective...</small><br></div><div class="battle-history"><small>A critical hit!</small><br></div><div class="battle-history"><small>(The opposing Ditto lost <abbr title="−152/300">50.7%</abbr> of its health!)</small><br></div><div class="spacer battle-history"><br></div><div class="battle-history">The opposing Ditto fainted!<br></div><div class="spacer battle-history"><br></div><div class="battle-history"><small>Tapu Lele was hurt by poison!</small><br></div><div class="chat chatmessage-novacaneaf"><strong style="color:hsl(53,74%,35%);"><small> </small><span class="username" data-name="novacane af">novacane af</span>:</strong> <em>u dont deserve it after that choke</em></div><div class="chat chatmessage-spaggg"><strong style="color:hsl(294,73%,42.63156050381036%);"><small> </small><span class="username" data-name="spaggg">spaggg</span>:</strong> <em>tru</em></div><div class="chat chatmessage-spaggg"><strong style="color:hsl(294,73%,42.63156050381036%);"><small> </small><span class="username" data-name="spaggg">spaggg</span>:</strong> <em>OMFG</em></div><div class="chat chatmessage-furfun"><strong style="color:hsl(66,45%,41.89745359456936%);"><small> </small><span class="username" data-name="FURFUN">FURFUN</span>:</strong> <em>o</em></div><div class="chat chatmessage-we"><strong style="color:hsl(159,48%,38%);"><small>☆</small><span class="username" data-name="We">We</span>:</strong> <em>:///</em></div><div class="chat chatmessage-chwagiii"><strong style="color:hsl(232,50%,58.77992792746667%);"><small>☆</small><span class="username" data-name="chwag III">chwag III</span>:</strong> <em>gay</em></div><div class="chat chatmessage-chwagiii"><strong style="color:hsl(232,50%,58.77992792746667%);"><small>☆</small><span class="username" data-name="chwag III">chwag III</span>:</strong> <em>what youre elo</em></div><div class="chat chatmessage-we"><strong style="color:hsl(159,48%,38%);"><small>☆</small><span class="username" data-name="We">We</span>:</strong> <em>uh</em></div><div class="chat chatmessage-we"><strong style="color:hsl(159,48%,38%);"><small>☆</small><span class="username" data-name="We">We</span>:</strong> <em>like</em></div><div class="chat chatmessage-furfun"><strong style="color:hsl(66,45%,41.89745359456936%);"><small> </small><span class="username" data-name="FURFUN">FURFUN</span>:</strong> <em>2026</em></div><div class="chat chatmessage-we"><strong style="color:hsl(159,48%,38%);"><small>☆</small><span class="username" data-name="We">We</span>:</strong> <em>2060</em></div><div class="chat chatmessage-furfun"><strong style="color:hsl(66,45%,41.89745359456936%);"><small> </small><span class="username" data-name="FURFUN">FURFUN</span>:</strong> <em>lol</em></div><div class="chat chatmessage-chwagiii"><strong style="color:hsl(232,50%,58.77992792746667%);"><small>☆</small><span class="username" data-name="chwag III">chwag III</span>:</strong> <em>im gonna lose lots</em></div><div class="chat chatmessage-chwagiii"><strong style="color:hsl(232,50%,58.77992792746667%);"><small>☆</small><span class="username" data-name="chwag III">chwag III</span>:</strong> <em>shid</em></div><div class="chat chatmessage-we"><strong style="color:hsl(159,48%,38%);"><small>☆</small><span class="username" data-name="We">We</span>:</strong> <em>rip</em></div><div class="chat chatmessage-novacaneaf"><strong style="color:hsl(53,74%,35%);"><small> </small><span class="username" data-name="novacane af">novacane af</span>:</strong> <em>forfeit</em></div><div class="chat chatmessage-we"><strong style="color:hsl(159,48%,38%);"><small>☆</small><span class="username" data-name="We">We</span>:</strong> <em>im done for today</em></div><div class="chat chatmessage-we"><strong style="color:hsl(159,48%,38%);"><small>☆</small><span class="username" data-name="We">We</span>:</strong> <em>so</em></div><div class="chat chatmessage-spaggg"><strong style="color:hsl(294,73%,42.63156050381036%);"><small> </small><span class="username" data-name="spaggg">spaggg</span>:</strong> <em>forfeit</em></div><div class="chat chatmessage-we"><strong style="color:hsl(159,48%,38%);"><small>☆</small><span class="username" data-name="We">We</span>:</strong> <em>i wont snipe again</em></div><div class="chat chatmessage-spaggg"><strong style="color:hsl(294,73%,42.63156050381036%);"><small> </small><span class="username" data-name="spaggg">spaggg</span>:</strong> <em>jsut forfeit dude</em></div><div class="chat chatmessage-we"><strong style="color:hsl(159,48%,38%);"><small>☆</small><span class="username" data-name="We">We</span>:</strong> <em>no u</em></div><div class="spacer battle-history"><br></div><div class="battle-history">chwag III sent out <strong>Chansey</strong>!<br></div><div class="battle-history"><small>Pointed stones dug into the opposing Chansey!</small><br></div><div class="spacer battle-history"><br></div><h2 class="battle-history">Turn 38</h2><div class="chat chatmessage-we"><strong style="color:hsl(159,48%,38%);"><small>☆</small><span class="username" data-name="We">We</span>:</strong> <em>p2's better than i am anyways</em></div><div class="chat chatmessage-we"><strong style="color:hsl(159,48%,38%);"><small>☆</small><span class="username" data-name="We">We</span>:</strong> <em>he can get them back ez</em></div><div class="chat chatmessage-chwagiii"><strong style="color:hsl(232,50%,58.77992792746667%);"><small>☆</small><span class="username" data-name="chwag III">chwag III</span>:</strong> <em>could tie it</em></div><div class="chat chatmessage-chwagiii"><strong style="color:hsl(232,50%,58.77992792746667%);"><small>☆</small><span class="username" data-name="chwag III">chwag III</span>:</strong> <em>kek</em></div><div class="chat chatmessage-we"><strong style="color:hsl(159,48%,38%);"><small>☆</small><span class="username" data-name="We">We</span>:</strong> <em>:^)</em></div><div class="chat chatmessage-spaggg"><strong style="color:hsl(294,73%,42.63156050381036%);"><small> </small><span class="username" data-name="spaggg">spaggg</span>:</strong> <em>fuck that</em></div><div class="chat chatmessage-spaggg"><strong style="color:hsl(294,73%,42.63156050381036%);"><small> </small><span class="username" data-name="spaggg">spaggg</span>:</strong> <em>take the points goy</em></div><div class="chat chatmessage-we"><strong style="color:hsl(159,48%,38%);"><small>☆</small><span class="username" data-name="We">We</span>:</strong> <em>gg mate</em></div><div class="chat chatmessage-chwagiii"><strong style="color:hsl(232,50%,58.77992792746667%);"><small>☆</small><span class="username" data-name="chwag III">chwag III</span>:</strong> <em>lole</em></div><div class="spacer battle-history"><br></div><div class="battle-history">Tapu Lele used <strong>Psyshock</strong>!<br></div><div class="battle-history"><small>(The opposing Chansey lost <abbr title="−199/703">28.3%</abbr> of its health!)</small><br></div><div class="spacer battle-history"><br></div><div class="battle-history">The opposing Chansey fainted!<br></div><div class="spacer battle-history"><br></div><div class="battle-history"><strong>We</strong> won the battle!<br></div><div class="chat chatmessage-spaggg"><strong style="color:hsl(294,73%,42.63156050381036%);"><small> </small><span class="username" data-name="spaggg">spaggg</span>:</strong> <em>initiate the timer</em></div><div class="chat"><small>chwag III left.</small></div><div class="chat"><small>Honus left.</small></div><div class="chat"><small>spaggg left.</small></div><div class="chat">We's rating: 2063 → <strong>2086</strong><br>(+23 for winning)</div><div class="chat">chwag III's rating: 2119 → <strong>2095</strong><br>(-24 for losing)</div><div class="chat"><small>FURFUN left.</small></div><div class="chat"><small>spaggg joined.</small></div><div class="chat"><small>We left.</small></div><div class="chat"><small>braiatan left.</small></div><div class="chat"><small>kenliao99 left.</small></div><div class="chat"><small>braiatan joined.</small></div><div class="chat"><small>braiatan left.</small></div><div class="chat"><small>Michielleus left.</small></div></div><div class="inner-preempt"></div></div></div>
</div>
<script>
let daily = Math.floor(Date.now()/1000/60/60/24);document.write('<script src="https://play.pokemonshowdown.com/js/replay-embed.js?version'+daily+'"></'+'script>');
</script>
