<!DOCTYPE html>
<meta charset="utf-8" />
<!-- version 1 -->
<title>[Gen 7] OU replay: Illusion17 vs. sup kid</title>
<style>
html,body {font-family:Verdana, sans-serif;font-size:10pt;margin:0;padding:0;}body{padding:12px 0;} .battle-log {font-family:Verdana, sans-serif;font-size:10pt;} .battle-log-inline {border:1px solid #AAAAAA;background:#EEF2F5;color:black;max-width:640px;margin:0 auto 80px;padding-bottom:5px;} .battle-log .inner {padding:4px 8px 0px 8px;} .battle-log .inner-preempt {padding:0 8px 4px 8px;} .battle-log .inner-after {margin-top:0.5em;} .battle-log h2 {margin:0.5em -8px;padding:4px 8px;border:1px solid #AAAAAA;background:#E0E7EA;border-left:0;border-right:0;font-family:Verdana, sans-serif;font-size:13pt;} .battle-log .chat {vertical-align:middle;padding:3px 0 3px 0;font-size:8pt;} .battle-log .chat strong {color:#40576A;} .battle-log .chat em {padding:1px 4px 1px 3px;color:#000000;font-style:normal;} .chat.mine {background:rgba(0,0,0,0.05);margin-left:-8px;margin-right:-8px;padding-left:8px;padding-right:8px;} .spoiler {color:#BBBBBB;background:#BBBBBB;padding:0px 3px;} .spoiler:hover, .spoiler:active, .spoiler-shown {color:#000000;background:#E2E2E2;padding:0px 3px;} .spoiler a {color:#BBBBBB;} .spoiler:hover a, .spoiler:active a, .spoiler-shown a {color:#2288CC;} .chat code, .chat .spoiler:hover code, .chat .spoiler:active code, .chat .spoiler-shown code {border:1px solid #C0C0C0;background:#EEEEEE;color:black;padding:0 2px;} .chat .spoiler code {border:1px solid #CCCCCC;background:#CCCCCC;color:#CCCCCC;} .battle-log .rated {padding:3px 4px;} .battle-log .rated strong {color:white;background:#89A;padding:1px 4px;border-radius:4px;} .spacer {margin-top:0.5em;} .message-announce {background:#6688AA;color:white;padding:1px 4px 2px;} .message-announce a, .broadcast-green a, .broadcast-blue a, .broadcast-red a {color:#DDEEFF;} .broadcast-green {background-color:#559955;color:white;padding:2px 4px;} .broadcast-blue {background-color:#6688AA;color:white;padding:2px 4px;} .infobox {border:1px solid #6688AA;padding:2px 4px;} .infobox-limited {max-height:200px;overflow:auto;overflow-x:hidden;} .broadcast-red {background-color:#AA5544;color:white;padding:2px 4px;} .message-learn-canlearn {font-weight:bold;color:#228822;text-decoration:underline;} .message-learn-cannotlearn {font-weight:bold;color:#CC2222;text-decoration:underline;} .message-effect-weak {font-weight:bold;color:#CC2222;} .message-effect-resist {font-weight:bold;color:#6688AA;} .message-effect-immune {font-weight:bold;color:#666666;} .message-learn-list {margin-top:0;margin-bottom:0;} .message-throttle-notice, .message-error {color:#992222;} .message-overflow, .chat small.message-overflow {font-size:0pt;} .message-overflow::before {font-size:9pt;content:'...';} .subtle {color:#3A4A66;}
</style>
<div class="wrapper replay-wrapper" style="max-width:1180px;margin:0 auto">
<input type="hidden" name="replayid" value="gen7ou-867016708" />
<div class="battle"></div><div class="battle-log"></div><div class="replay-controls"></div><div class="replay-controls-2"></div>
<h1 style="font-weight:normal;text-align:center"><strong>[Gen 7] OU</strong><br /><a href="http://pokemonshowdown.com/users/illusion17" class="subtle" target="_blank">Illusion17</a> vs. <a href="http://pokemonshowdown.com/users/supkid" class="subtle" target="_blank">sup kid</a></h1>
<script type="text/plain" class="battle-log-data">|j|☆Illusion17
|j|☆sup kid
|player|p1|Illusion17|99
|player|p2|sup kid|61
|teamsize|p1|6
|teamsize|p2|6
|gametype|singles
|gen|7
|tier|[Gen 7] OU
|rated|
|rule|Sleep Clause Mod: Limit one foe put to sleep
|rule|Species Clause: Limit one of each Pokémon
|rule|OHKO Clause: OHKO moves are banned
|rule|Moody Clause: Moody is banned
|rule|Evasion Moves Clause: Evasion moves are banned
|rule|Endless Battle Clause: Forcing endless battles is banned
|rule|HP Percentage Mod: HP is shown in percentages
|clearpoke
|poke|p1|Kyurem-Black|item
|poke|p1|Volcanion|item
|poke|p1|Tapu Koko|item
|poke|p1|Ferrothorn, M|item
|poke|p1|Pinsir, F|item
|poke|p1|Gliscor, F|item
|poke|p2|Mawile, F|item
|poke|p2|Kartana|item
|poke|p2|Landorus-Therian, M|item
|poke|p2|Manaphy|item
|poke|p2|Clefable, F|item
|poke|p2|Tapu Bulu|item
|teampreview
|inactive|Battle timer is ON: inactive players will automatically lose when time's up. (requested by sup kid)
|c|☆Illusion17|ayyye bro
|c|☆sup kid|k
|c|☆Illusion17|this is for my peak
|c|☆Illusion17|lemme win :(
|c|☆sup kid|ah yeah lul
|j| TalonSFlames
|j| suup duude
|c|☆sup kid|we'l see
|c| TalonSFlames|How poetic
|inactive|Illusion17 has 120 seconds left.
|c| TalonSFlames|The 2 goats playing each other
|c|☆Illusion17|indeed
|
|start
|switch|p1a: Tapu Koko|Tapu Koko|100\/100
|switch|p2a: Landorus|Landorus-Therian, M|100\/100
|-fieldstart|move: Electric Terrain|[from] ability: Electric Surge|[of] p1a: Tapu Koko
|-ability|p2a: Landorus|Intimidate|boost
|-unboost|p1a: Tapu Koko|atk|1
|turn|1
|
|switch|p2a: Tapu Bulu|Tapu Bulu|100\/100
|-fieldstart|move: Grassy Terrain|[from] ability: Grassy Surge|[of] p2a: Tapu Bulu
|move|p1a: Tapu Koko|Hidden Power|p2a: Tapu Bulu
|-supereffective|p2a: Tapu Bulu
|-damage|p2a: Tapu Bulu|66\/100
|
|-heal|p2a: Tapu Bulu|72\/100|[from] item: Leftovers
|-heal|p2a: Tapu Bulu|78\/100|[from] Grassy Terrain
|upkeep
|turn|2
|
|switch|p1a: Kyurem|Kyurem-Black|100\/100
|-ability|p1a: Kyurem|Teravolt
|switch|p2a: Mawile|Mawile, F|100\/100
|-ability|p2a: Mawile|Intimidate|boost
|-unboost|p1a: Kyurem|atk|1
|
|upkeep
|turn|3
|
|switch|p1a: Volcanion|Volcanion|100\/100
|detailschange|p2a: Mawile|Mawile-Mega, F
|-mega|p2a: Mawile|Mawile|Mawilite
|move|p2a: Mawile|Knock Off|p1a: Volcanion
|-damage|p1a: Volcanion|46\/100
|-enditem|p1a: Volcanion|Assault Vest|[from] move: Knock Off|[of] p2a: Mawile
|
|-heal|p1a: Volcanion|52\/100|[from] Grassy Terrain
|upkeep
|turn|4
|
|switch|p1a: Tapu Koko|Tapu Koko|100\/100
|-fieldstart|move: Electric Terrain|[from] ability: Electric Surge|[of] p1a: Tapu Koko
|move|p2a: Mawile|Play Rough|p1a: Tapu Koko
|-damage|p1a: Tapu Koko|0 fnt
|faint|p1a: Tapu Koko
|
|upkeep
|c|☆sup kid|yeah
|j| RiftstalkerSekun
|c| TalonSFlames|LOL
|
|switch|p1a: Volcanion|Volcanion|52\/100
|turn|5
|c|☆sup kid|like i said last game
|c|☆sup kid|imma be way more aggressive
|c|☆Illusion17|nice play
|c|☆sup kid|idc
|
|switch|p1a: Kyurem|Kyurem-Black|100\/100
|-ability|p1a: Kyurem|Teravolt
|move|p2a: Mawile|Play Rough|p1a: Kyurem
|-supereffective|p1a: Kyurem
|-damage|p1a: Kyurem|0 fnt
|faint|p1a: Kyurem
|
|upkeep
|c| suup duude|let the poor man win
|c| TalonSFlames|LOL
|c| TalonSFlames|Sup kid
|c| TalonSFlames|Stop
|j| Night lovel
|c|☆sup kid|nope imma be aggressive af
|c|☆Illusion17|k wtf r u doing lmao
|c| TalonSFlames|This is child abuse
|
|switch|p1a: Ferrothorn|Ferrothorn, M|100\/100
|turn|6
|
|switch|p2a: Manaphy|Manaphy|100\/100
|move|p1a: Ferrothorn|Gyro Ball|p2a: Manaphy
|-resisted|p2a: Manaphy
|-damage|p2a: Manaphy|59\/100
|
|-heal|p2a: Manaphy|65\/100|[from] item: Leftovers
|upkeep
|turn|7
|c|☆Illusion17|if u want to be aggressive lets go
|c|☆sup kid|indeed
|
|move|p2a: Manaphy|Tail Glow|p2a: Manaphy
|-boost|p2a: Manaphy|spa|3
|move|p1a: Ferrothorn|Gyro Ball|p2a: Manaphy
|-resisted|p2a: Manaphy
|-crit|p2a: Manaphy
|-damage|p2a: Manaphy|0 fnt
|faint|p2a: Manaphy
|
|upkeep
|c|☆sup kid|eh idc
|
|switch|p2a: Kartana|Kartana|100\/100
|turn|8
|c| TalonSFlames|Very aggresive
|
|move|p2a: Kartana|Swords Dance|p2a: Kartana
|-boost|p2a: Kartana|atk|2
|move|p1a: Ferrothorn|Gyro Ball|p2a: Kartana
|-resisted|p2a: Kartana
|-damage|p2a: Kartana|47\/100
|
|-fieldend|move: Electric Terrain
|upkeep
|turn|9
|c|☆sup kid|this should win outright
|c| TalonSFlames|What
|
|switch|p1a: Gliscor|Gliscor, F|100\/100
|move|p2a: Kartana|Sacred Sword|p1a: Gliscor
|-resisted|p1a: Gliscor
|-damage|p1a: Gliscor|67\/100
|
|-status|p1a: Gliscor|tox|[from] item: Toxic Orb
|upkeep
|turn|10
|
|-zpower|p2a: Kartana
|move|p2a: Kartana|Breakneck Blitz|p1a: Gliscor|[zeffect]
|-damage|p1a: Gliscor|0 fnt
|faint|p1a: Gliscor
|-ability|p2a: Kartana|Beast Boost|boost
|-boost|p2a: Kartana|atk|1
|
|upkeep
|
|switch|p1a: Pinsir|Pinsir, F|100\/100
|turn|11
|
|switch|p1a: Ferrothorn|Ferrothorn, M|100\/100
|move|p2a: Kartana|Leaf Blade|p1a: Ferrothorn
|-resisted|p1a: Ferrothorn
|-crit|p1a: Ferrothorn
|-damage|p1a: Ferrothorn|58\/100
|-damage|p2a: Kartana|35\/100|[from] ability: Iron Barbs|[of] p1a: Ferrothorn
|
|upkeep
|turn|12
|
|move|p2a: Kartana|Sacred Sword|p1a: Ferrothorn
|-supereffective|p1a: Ferrothorn
|-damage|p1a: Ferrothorn|0 fnt
|-damage|p2a: Kartana|23\/100|[from] ability: Iron Barbs|[of] p1a: Ferrothorn
|faint|p1a: Ferrothorn
|-ability|p2a: Kartana|Beast Boost|boost
|-boost|p2a: Kartana|atk|1
|
|upkeep
|
|switch|p1a: Pinsir|Pinsir, F|100\/100
|turn|13
|c| suup duude|damn
|c|☆Illusion17|im getting outplayed
|c|☆Illusion17|im really not playing aggressive
|c| TalonSFlames|Funny thing is he can still win
|inactive|sup kid has 120 seconds left.
|
|detailschange|p1a: Pinsir|Pinsir-Mega, F
|-mega|p1a: Pinsir|Pinsir|Pinsirite
|move|p1a: Pinsir|Quick Attack|p2a: Kartana
|-damage|p2a: Kartana|0 fnt
|faint|p2a: Kartana
|
|upkeep
|c| suup duude|yea
|c|☆Illusion17|i can
|c| suup duude|it be like that .
|inactive|sup kid has 120 seconds left.
|c|☆sup kid|ok i believe i need to hit hmm
|c| TalonSFlames|Yeah u have to
|c|☆Illusion17|u aint going to
|c|☆sup kid|lemme think if i can avoid that
|c|☆Illusion17|i believe in pinsir
|inactive|sup kid has 90 seconds left.
|c| TalonSFlames|Idt u can avoid
|inactive|sup kid has 60 seconds left.
|inactive|sup kid has 30 seconds left.
|inactive|sup kid has 20 seconds left.
|
|switch|p2a: Landorus|Landorus-Therian, M|100\/100
|-ability|p2a: Landorus|Intimidate|boost
|-unboost|p1a: Pinsir|atk|1
|turn|14
|inactive|sup kid has 30 seconds left this turn.
|c|☆sup kid|lets go
|
|move|p1a: Pinsir|Swords Dance|p1a: Pinsir
|-boost|p1a: Pinsir|atk|2
|move|p2a: Landorus|Stone Edge|p1a: Pinsir
|-supereffective|p1a: Pinsir
|-damage|p1a: Pinsir|0 fnt
|faint|p1a: Pinsir
|
|upkeep
|c|☆Illusion17|gg
|c|☆sup kid|gg bro
|c| TalonSFlames|EZ
|-message|Illusion17 forfeited.
|
|win|sup kid
|l|☆Illusion17
|raw|Illusion17's rating: 2045 &rarr; <strong>2023<\/strong><br \/>(-22 for losing)
|raw|sup kid's rating: 2013 &rarr; <strong>2035<\/strong><br \/>(+22 for winning)
|c|☆sup kid|AGGRESSIVE AF
|c|☆sup kid|NEXT TIME TOO
|l| suup duude
</script>
</div>
<div class="battle-log battle-log-inline"><div class="inner"><div class="battle-options"></div><div class="inner"><div class="chat"><small>☆Illusion17 joined.</small></div><div class="chat"><small>☆sup kid joined.</small></div><div class=""><small>Format:</small> <br><strong>[Gen 7] OU</strong></div><div class="rated"><strong>Rated battle</strong></div><div class=""><small><em>Sleep Clause Mod:</em> Limit one foe put to sleep</small></div><div class=""><small><em>Species Clause:</em> Limit one of each Pokémon</small></div><div class=""><small><em>OHKO Clause:</em> OHKO moves are banned</small></div><div class=""><small><em>Moody Clause:</em> Moody is banned</small></div><div class=""><small><em>Evasion Moves Clause:</em> Evasion moves are banned</small></div><div class=""><small><em>Endless Battle Clause:</em> Forcing endless battles is banned</small></div><div class=""><small><em>HP Percentage Mod:</em> HP is shown in percentages</small></div><div class="chat battle-history"><strong>Illusion17's team:</strong> <em style="color:#445566;display:block;">Kyurem-Black / Volcanion / Tapu Koko / Ferrothorn / Pinsir / Gliscor</em></div><div class="chat battle-history"><strong>sup kid's team:</strong> <em style="color:#445566;display:block;">Mawile / Kartana / Landorus-Therian / Manaphy / Clefable / Tapu Bulu</em></div><div class="chat message-error">Battle timer is ON: inactive players will automatically lose when time's up. (requested by sup kid)</div><div class="chat chatmessage-illusion17"><strong style="color:hsl(177,48%,38%)"><small>☆</small><span class="username" data-name="Illusion17">Illusion17</span>:</strong> <em>ayyye bro</em></div><div class="chat chatmessage-supkid"><strong style="color:hsl(111,82%,34%)"><small>☆</small><span class="username" data-name="sup kid">sup kid</span>:</strong> <em>k</em></div><div class="chat chatmessage-illusion17"><strong style="color:hsl(177,48%,38%)"><small>☆</small><span class="username" data-name="Illusion17">Illusion17</span>:</strong> <em>this is for my peak</em></div><div class="chat chatmessage-illusion17"><strong style="color:hsl(177,48%,38%)"><small>☆</small><span class="username" data-name="Illusion17">Illusion17</span>:</strong> <em>lemme win :(</em></div><div class="chat chatmessage-supkid"><strong style="color:hsl(111,82%,34%)"><small>☆</small><span class="username" data-name="sup kid">sup kid</span>:</strong> <em>ah yeah lul</em></div><div class="chat"><small> TalonSFlames joined.</small></div><div class="chat"><small> suup duude joined.</small></div><div class="chat chatmessage-supkid"><strong style="color:hsl(111,82%,34%)"><small>☆</small><span class="username" data-name="sup kid">sup kid</span>:</strong> <em>we'l see</em></div><div class="chat chatmessage-talonsflames"><strong style="color:hsl(69,64%,36.625894741947434%)"><small> </small><span class="username" data-name="TalonSFlames">TalonSFlames</span>:</strong> <em>How poetic</em></div><div class="chat message-error">Illusion17 has 120 seconds left.</div><div class="chat chatmessage-talonsflames"><strong style="color:hsl(69,64%,36.625894741947434%)"><small> </small><span class="username" data-name="TalonSFlames">TalonSFlames</span>:</strong> <em>The 2 goats playing each other</em></div><div class="chat chatmessage-illusion17"><strong style="color:hsl(177,48%,38%)"><small>☆</small><span class="username" data-name="Illusion17">Illusion17</span>:</strong> <em>indeed</em></div><div class="spacer battle-history"><br></div><div class="battle-history">Battle started between Illusion17 and sup kid!<br></div><div class="spacer battle-history"><br></div><div class="battle-history">Go! <strong>Tapu Koko</strong>!<br></div><div class="spacer battle-history"><br></div><div class="battle-history">sup kid sent out Landorus (<strong>Landorus-Therian</strong>)!<br></div><div class="battle-history"><small>[Tapu Koko's Electric Surge]</small><br><small>An electric current runs across the battlefield!</small><br></div><div class="battle-history"><small>[The opposing Landorus's Intimidate]</small><br></div><div class="battle-history"><small>Tapu Koko's Attack fell!</small><br></div><div class="spacer battle-history"><br></div><h2 class="battle-history">Turn 1</h2><div class="spacer battle-history"><br></div><div class="battle-history">sup kid withdrew Landorus!<br></div><div class="battle-history">sup kid sent out <strong>Tapu Bulu</strong>!<br></div><div class="battle-history"><small>[The opposing Tapu Bulu's Grassy Surge]</small><br><small>Grass grew to cover the battlefield!</small><br></div><div class="spacer battle-history"><br></div><div class="battle-history">Tapu Koko used <strong>Hidden Power</strong>!<br></div><div class="battle-history"><small>It's super effective!</small><br></div><div class="battle-history"><small>(The opposing Tapu Bulu lost 34% of its health!)</small><br></div><div class="spacer battle-history"><br></div><div class="battle-history"><small>The opposing Tapu Bulu restored a little HP using its Leftovers!</small><br></div><div class="battle-history"><small>The opposing Tapu Bulu restored HP using its Grassy Terrain!</small><br></div><div class="spacer battle-history"><br></div><h2 class="battle-history">Turn 2</h2><div class="spacer battle-history"><br></div><div class="battle-history">Tapu Koko, come back!<br></div><div class="battle-history">Go! Kyurem (<strong>Kyurem-Black</strong>)!<br></div><div class="battle-history"><small>[Kyurem's Teravolt]</small><br><small>Kyurem is radiating a bursting aura!</small><br></div><div class="spacer battle-history"><br></div><div class="battle-history">sup kid withdrew Tapu Bulu!<br></div><div class="battle-history">sup kid sent out <strong>Mawile</strong>!<br></div><div class="battle-history"><small>[The opposing Mawile's Intimidate]</small><br></div><div class="battle-history"><small>Kyurem's Attack fell!</small><br></div><div class="spacer battle-history"><br></div><h2 class="battle-history">Turn 3</h2><div class="spacer battle-history"><br></div><div class="battle-history">Kyurem, come back!<br></div><div class="battle-history">Go! <strong>Volcanion</strong>!<br></div><div class="spacer battle-history"><br></div><div class="battle-history"><small>The opposing Mawile's Mawilite is reacting to the Key Stone!</small><br>The opposing Mawile has Mega Evolved into Mega Mawile!<br></div><div class="spacer battle-history"><br></div><div class="battle-history">The opposing Mawile used <strong>Knock Off</strong>!<br></div><div class="battle-history"><small>(Volcanion lost 54% of its health!)</small><br></div><div class="battle-history"><small>The opposing Mawile knocked off Volcanion's Assault Vest!</small><br></div><div class="spacer battle-history"><br></div><div class="battle-history"><small>Volcanion restored HP using its Grassy Terrain!</small><br></div><div class="spacer battle-history"><br></div><h2 class="battle-history">Turn 4</h2><div class="spacer battle-history"><br></div><div class="battle-history">Volcanion, come back!<br></div><div class="battle-history">Go! <strong>Tapu Koko</strong>!<br></div><div class="battle-history"><small>[Tapu Koko's Electric Surge]</small><br><small>An electric current runs across the battlefield!</small><br></div><div class="spacer battle-history"><br></div><div class="battle-history">The opposing Mawile used <strong>Play Rough</strong>!<br></div><div class="battle-history"><small>(Tapu Koko lost 100% of its health!)</small><br></div><div class="spacer battle-history"><br></div><div class="battle-history">Tapu Koko fainted!<br></div><div class="chat chatmessage-supkid"><strong style="color:hsl(111,82%,34%)"><small>☆</small><span class="username" data-name="sup kid">sup kid</span>:</strong> <em>yeah</em></div><div class="chat"><small> RiftstalkerSekun joined.</small></div><div class="chat chatmessage-talonsflames"><strong style="color:hsl(69,64%,36.625894741947434%)"><small> </small><span class="username" data-name="TalonSFlames">TalonSFlames</span>:</strong> <em>LOL</em></div><div class="spacer battle-history"><br></div><div class="battle-history">Go! <strong>Volcanion</strong>!<br></div><div class="spacer battle-history"><br></div><h2 class="battle-history">Turn 5</h2><div class="chat chatmessage-supkid"><strong style="color:hsl(111,82%,34%)"><small>☆</small><span class="username" data-name="sup kid">sup kid</span>:</strong> <em>like i said last game</em></div><div class="chat chatmessage-supkid"><strong style="color:hsl(111,82%,34%)"><small>☆</small><span class="username" data-name="sup kid">sup kid</span>:</strong> <em>imma be way more aggressive</em></div><div class="chat chatmessage-illusion17"><strong style="color:hsl(177,48%,38%)"><small>☆</small><span class="username" data-name="Illusion17">Illusion17</span>:</strong> <em>nice play</em></div><div class="chat chatmessage-supkid"><strong style="color:hsl(111,82%,34%)"><small>☆</small><span class="username" data-name="sup kid">sup kid</span>:</strong> <em>idc</em></div><div class="spacer battle-history"><br></div><div class="battle-history">Volcanion, come back!<br></div><div class="battle-history">Go! Kyurem (<strong>Kyurem-Black</strong>)!<br></div><div class="battle-history"><small>[Kyurem's Teravolt]</small><br><small>Kyurem is radiating a bursting aura!</small><br></div><div class="spacer battle-history"><br></div><div class="battle-history">The opposing Mawile used <strong>Play Rough</strong>!<br></div><div class="battle-history"><small>It's super effective!</small><br></div><div class="battle-history"><small>(Kyurem lost 100% of its health!)</small><br></div><div class="spacer battle-history"><br></div><div class="battle-history">Kyurem fainted!<br></div><div class="chat chatmessage-suupduude"><strong style="color:hsl(151,87%,33.743370917953925%)"><small> </small><span class="username" data-name="suup duude">suup duude</span>:</strong> <em>let the poor man win</em></div><div class="chat chatmessage-talonsflames"><strong style="color:hsl(69,64%,36.625894741947434%)"><small> </small><span class="username" data-name="TalonSFlames">TalonSFlames</span>:</strong> <em>LOL</em></div><div class="chat chatmessage-talonsflames"><strong style="color:hsl(69,64%,36.625894741947434%)"><small> </small><span class="username" data-name="TalonSFlames">TalonSFlames</span>:</strong> <em>Sup kid</em></div><div class="chat chatmessage-talonsflames"><strong style="color:hsl(69,64%,36.625894741947434%)"><small> </small><span class="username" data-name="TalonSFlames">TalonSFlames</span>:</strong> <em>Stop</em></div><div class="chat"><small> Night lovel joined.</small></div><div class="chat chatmessage-supkid"><strong style="color:hsl(111,82%,34%)"><small>☆</small><span class="username" data-name="sup kid">sup kid</span>:</strong> <em>nope imma be aggressive af</em></div><div class="chat chatmessage-illusion17"><strong style="color:hsl(177,48%,38%)"><small>☆</small><span class="username" data-name="Illusion17">Illusion17</span>:</strong> <em>k wtf r u doing lmao</em></div><div class="chat chatmessage-talonsflames"><strong style="color:hsl(69,64%,36.625894741947434%)"><small> </small><span class="username" data-name="TalonSFlames">TalonSFlames</span>:</strong> <em>This is child abuse</em></div><div class="spacer battle-history"><br></div><div class="battle-history">Go! <strong>Ferrothorn</strong>!<br></div><div class="spacer battle-history"><br></div><h2 class="battle-history">Turn 6</h2><div class="spacer battle-history"><br></div><div class="battle-history">sup kid withdrew Mawile!<br></div><div class="battle-history">sup kid sent out <strong>Manaphy</strong>!<br></div><div class="spacer battle-history"><br></div><div class="battle-history">Ferrothorn used <strong>Gyro Ball</strong>!<br></div><div class="battle-history"><small>It's not very effective...</small><br></div><div class="battle-history"><small>(The opposing Manaphy lost 41% of its health!)</small><br></div><div class="spacer battle-history"><br></div><div class="battle-history"><small>The opposing Manaphy restored a little HP using its Leftovers!</small><br></div><div class="spacer battle-history"><br></div><h2 class="battle-history">Turn 7</h2><div class="chat chatmessage-illusion17"><strong style="color:hsl(177,48%,38%)"><small>☆</small><span class="username" data-name="Illusion17">Illusion17</span>:</strong> <em>if u want to be aggressive lets go</em></div><div class="chat chatmessage-supkid"><strong style="color:hsl(111,82%,34%)"><small>☆</small><span class="username" data-name="sup kid">sup kid</span>:</strong> <em>indeed</em></div><div class="spacer battle-history"><br></div><div class="battle-history">The opposing Manaphy used <strong>Tail Glow</strong>!<br></div><div class="battle-history"><small>The opposing Manaphy's Special Attack rose drastically!</small><br></div><div class="spacer battle-history"><br></div><div class="battle-history">Ferrothorn used <strong>Gyro Ball</strong>!<br></div><div class="battle-history"><small>It's not very effective...</small><br></div><div class="battle-history"><small>A critical hit!</small><br></div><div class="battle-history"><small>(The opposing Manaphy lost 65% of its health!)</small><br></div><div class="spacer battle-history"><br></div><div class="battle-history">The opposing Manaphy fainted!<br></div><div class="chat chatmessage-supkid"><strong style="color:hsl(111,82%,34%)"><small>☆</small><span class="username" data-name="sup kid">sup kid</span>:</strong> <em>eh idc</em></div><div class="spacer battle-history"><br></div><div class="battle-history">sup kid sent out <strong>Kartana</strong>!<br></div><div class="spacer battle-history"><br></div><h2 class="battle-history">Turn 8</h2><div class="chat chatmessage-talonsflames"><strong style="color:hsl(69,64%,36.625894741947434%)"><small> </small><span class="username" data-name="TalonSFlames">TalonSFlames</span>:</strong> <em>Very aggresive</em></div><div class="spacer battle-history"><br></div><div class="battle-history">The opposing Kartana used <strong>Swords Dance</strong>!<br></div><div class="battle-history"><small>The opposing Kartana's Attack rose sharply!</small><br></div><div class="spacer battle-history"><br></div><div class="battle-history">Ferrothorn used <strong>Gyro Ball</strong>!<br></div><div class="battle-history"><small>It's not very effective...</small><br></div><div class="battle-history"><small>(The opposing Kartana lost 53% of its health!)</small><br></div><div class="spacer battle-history"><br></div><div class="battle-history"><small>The electricity disappeared from the battlefield.</small><br></div><div class="spacer battle-history"><br></div><h2 class="battle-history">Turn 9</h2><div class="chat chatmessage-supkid"><strong style="color:hsl(111,82%,34%)"><small>☆</small><span class="username" data-name="sup kid">sup kid</span>:</strong> <em>this should win outright</em></div><div class="chat chatmessage-talonsflames"><strong style="color:hsl(69,64%,36.625894741947434%)"><small> </small><span class="username" data-name="TalonSFlames">TalonSFlames</span>:</strong> <em>What</em></div><div class="spacer battle-history"><br></div><div class="battle-history">Ferrothorn, come back!<br></div><div class="battle-history">Go! <strong>Gliscor</strong>!<br></div><div class="spacer battle-history"><br></div><div class="battle-history">The opposing Kartana used <strong>Sacred Sword</strong>!<br></div><div class="battle-history"><small>It's not very effective...</small><br></div><div class="battle-history"><small>(Gliscor lost 33% of its health!)</small><br></div><div class="spacer battle-history"><br></div><div class="battle-history"><small>Gliscor was badly poisoned!</small><br></div><div class="spacer battle-history"><br></div><h2 class="battle-history">Turn 10</h2><div class="spacer battle-history"><br></div><div class="battle-history"><small>The opposing Kartana surrounded itself with its Z-Power!</small><br></div><div class="spacer battle-history"><br></div><div class="battle-history">The opposing Kartana used <strong>Breakneck Blitz</strong>!<br></div><div class="battle-history"><small>(Gliscor lost 67% of its health!)</small><br></div><div class="spacer battle-history"><br></div><div class="battle-history">Gliscor fainted!<br></div><div class="battle-history"><small>[The opposing Kartana's Beast Boost]</small><br></div><div class="battle-history"><small>The opposing Kartana's Attack rose!</small><br></div><div class="spacer battle-history"><br></div><div class="battle-history">Go! <strong>Pinsir</strong>!<br></div><div class="spacer battle-history"><br></div><h2 class="battle-history">Turn 11</h2><div class="spacer battle-history"><br></div><div class="battle-history">Pinsir, come back!<br></div><div class="battle-history">Go! <strong>Ferrothorn</strong>!<br></div><div class="spacer battle-history"><br></div><div class="battle-history">The opposing Kartana used <strong>Leaf Blade</strong>!<br></div><div class="battle-history"><small>It's not very effective...</small><br></div><div class="battle-history"><small>A critical hit!</small><br></div><div class="battle-history"><small>(Ferrothorn lost 42% of its health!)</small><br></div><div class="battle-history"><small>[Ferrothorn's Iron Barbs]</small><br><small>The opposing Kartana was hurt!</small><br></div><div class="spacer battle-history"><br></div><h2 class="battle-history">Turn 12</h2><div class="spacer battle-history"><br></div><div class="battle-history">The opposing Kartana used <strong>Sacred Sword</strong>!<br></div><div class="battle-history"><small>It's super effective!</small><br></div><div class="battle-history"><small>(Ferrothorn lost 58% of its health!)</small><br></div><div class="battle-history"><small>[Ferrothorn's Iron Barbs]</small><br><small>The opposing Kartana was hurt!</small><br></div><div class="spacer battle-history"><br></div><div class="battle-history">Ferrothorn fainted!<br></div><div class="battle-history"><small>[The opposing Kartana's Beast Boost]</small><br></div><div class="battle-history"><small>The opposing Kartana's Attack rose!</small><br></div><div class="spacer battle-history"><br></div><div class="battle-history">Go! <strong>Pinsir</strong>!<br></div><div class="spacer battle-history"><br></div><h2 class="battle-history">Turn 13</h2><div class="chat chatmessage-suupduude"><strong style="color:hsl(151,87%,33.743370917953925%)"><small> </small><span class="username" data-name="suup duude">suup duude</span>:</strong> <em>damn</em></div><div class="chat chatmessage-illusion17"><strong style="color:hsl(177,48%,38%)"><small>☆</small><span class="username" data-name="Illusion17">Illusion17</span>:</strong> <em>im getting outplayed</em></div><div class="chat chatmessage-illusion17"><strong style="color:hsl(177,48%,38%)"><small>☆</small><span class="username" data-name="Illusion17">Illusion17</span>:</strong> <em>im really not playing aggressive</em></div><div class="chat chatmessage-talonsflames"><strong style="color:hsl(69,64%,36.625894741947434%)"><small> </small><span class="username" data-name="TalonSFlames">TalonSFlames</span>:</strong> <em>Funny thing is he can still win</em></div><div class="chat message-error">sup kid has 120 seconds left.</div><div class="spacer battle-history"><br></div><div class="battle-history"><small>Pinsir's Pinsirite is reacting to the Key Stone!</small><br>Pinsir has Mega Evolved into Mega Pinsir!<br></div><div class="spacer battle-history"><br></div><div class="battle-history">Pinsir used <strong>Quick Attack</strong>!<br></div><div class="battle-history"><small>(The opposing Kartana lost 23% of its health!)</small><br></div><div class="spacer battle-history"><br></div><div class="battle-history">The opposing Kartana fainted!<br></div><div class="chat chatmessage-suupduude"><strong style="color:hsl(151,87%,33.743370917953925%)"><small> </small><span class="username" data-name="suup duude">suup duude</span>:</strong> <em>yea</em></div><div class="chat chatmessage-illusion17"><strong style="color:hsl(177,48%,38%)"><small>☆</small><span class="username" data-name="Illusion17">Illusion17</span>:</strong> <em>i can</em></div><div class="chat chatmessage-suupduude"><strong style="color:hsl(151,87%,33.743370917953925%)"><small> </small><span class="username" data-name="suup duude">suup duude</span>:</strong> <em>it be like that .</em></div><div class="chat message-error">sup kid has 120 seconds left.</div><div class="chat chatmessage-supkid"><strong style="color:hsl(111,82%,34%)"><small>☆</small><span class="username" data-name="sup kid">sup kid</span>:</strong> <em>ok i believe i need to hit hmm</em></div><div class="chat chatmessage-talonsflames"><strong style="color:hsl(69,64%,36.625894741947434%)"><small> </small><span class="username" data-name="TalonSFlames">TalonSFlames</span>:</strong> <em>Yeah u have to</em></div><div class="chat chatmessage-illusion17"><strong style="color:hsl(177,48%,38%)"><small>☆</small><span class="username" data-name="Illusion17">Illusion17</span>:</strong> <em>u aint going to</em></div><div class="chat chatmessage-supkid"><strong style="color:hsl(111,82%,34%)"><small>☆</small><span class="username" data-name="sup kid">sup kid</span>:</strong> <em>lemme think if i can avoid that</em></div><div class="chat chatmessage-illusion17"><strong style="color:hsl(177,48%,38%)"><small>☆</small><span class="username" data-name="Illusion17">Illusion17</span>:</strong> <em>i believe in pinsir</em></div><div class="chat message-error">sup kid has 90 seconds left.</div><div class="chat chatmessage-talonsflames"><strong style="color:hsl(69,64%,36.625894741947434%)"><small> </small><span class="username" data-name="TalonSFlames">TalonSFlames</span>:</strong> <em>Idt u can avoid</em></div><div class="chat message-error">sup kid has 60 seconds left.</div><div class="chat message-error">sup kid has 30 seconds left.</div><div class="chat message-error">sup kid has 20 seconds left.</div><div class="spacer battle-history"><br></div><div class="battle-history">sup kid sent out Landorus (<strong>Landorus-Therian</strong>)!<br></div><div class="battle-history"><small>[The opposing Landorus's Intimidate]</small><br></div><div class="battle-history"><small>Pinsir's Attack fell!</small><br></div><div class="spacer battle-history"><br></div><h2 class="battle-history">Turn 14</h2><div class="chat message-error">sup kid has 30 seconds left this turn.</div><div class="chat chatmessage-supkid"><strong style="color:hsl(111,82%,34%)"><small>☆</small><span class="username" data-name="sup kid">sup kid</span>:</strong> <em>lets go</em></div><div class="spacer battle-history"><br></div><div class="battle-history">Pinsir used <strong>Swords Dance</strong>!<br></div><div class="battle-history"><small>Pinsir's Attack rose sharply!</small><br></div><div class="spacer battle-history"><br></div><div class="battle-history">The opposing Landorus used <strong>Stone Edge</strong>!<br></div><div class="battle-history"><small>It's super effective!</small><br></div><div class="battle-history"><small>(Pinsir lost 100% of its health!)</small><br></div><div class="spacer battle-history"><br></div><div class="battle-history">Pinsir fainted!<br></div><div class="chat chatmessage-illusion17"><strong style="color:hsl(177,48%,38%)"><small>☆</small><span class="username" data-name="Illusion17">Illusion17</span>:</strong> <em>gg</em></div><div class="chat chatmessage-supkid"><strong style="color:hsl(111,82%,34%)"><small>☆</small><span class="username" data-name="sup kid">sup kid</span>:</strong> <em>gg bro</em></div><div class="chat chatmessage-talonsflames"><strong style="color:hsl(69,64%,36.625894741947434%)"><small> </small><span class="username" data-name="TalonSFlames">TalonSFlames</span>:</strong> <em>EZ</em></div><div class="spacer battle-history"><br></div><div class="battle-history"><small>Illusion17 forfeited.</small><br></div><div class="spacer battle-history"><br></div><div class="battle-history"><strong>sup kid</strong> won the battle!<br></div><div class="chat"><small>☆Illusion17 left.</small></div><div class="chat">Illusion17's rating: 2045 → <strong>2023</strong><br>(-22 for losing)</div><div class="chat">sup kid's rating: 2013 → <strong>2035</strong><br>(+22 for winning)</div><div class="chat chatmessage-supkid"><strong style="color:hsl(111,82%,34%)"><small>☆</small><span class="username" data-name="sup kid">sup kid</span>:</strong> <em>AGGRESSIVE AF</em></div><div class="chat chatmessage-supkid"><strong style="color:hsl(111,82%,34%)"><small>☆</small><span class="username" data-name="sup kid">sup kid</span>:</strong> <em>NEXT TIME TOO</em></div><div class="chat"><small> suup duude left.</small></div></div><div class="inner-preempt"></div></div></div>
</div>
<script>
let daily = Math.floor(Date.now()/1000/60/60/24);document.write('<script src="https://play.pokemonshowdown.com/js/replay-embed.js?version'+daily+'"></'+'script>');
</script>
