<!DOCTYPE html>
<meta charset="utf-8" />
<!-- version 1 -->
<title>[Gen 7] OU replay: LT42A NJNP vs. 100 rires***</title>
<style>
html,body {font-family:Verdana, sans-serif;font-size:10pt;margin:0;padding:0;}body{padding:12px 0;} .battle-log {font-family:Verdana, sans-serif;font-size:10pt;} .battle-log-inline {border:1px solid #AAAAAA;background:#EEF2F5;color:black;max-width:640px;margin:0 auto 80px;padding-bottom:5px;} .battle-log .inner {padding:4px 8px 0px 8px;} .battle-log .inner-preempt {padding:0 8px 4px 8px;} .battle-log .inner-after {margin-top:0.5em;} .battle-log h2 {margin:0.5em -8px;padding:4px 8px;border:1px solid #AAAAAA;background:#E0E7EA;border-left:0;border-right:0;font-family:Verdana, sans-serif;font-size:13pt;} .battle-log .chat {vertical-align:middle;padding:3px 0 3px 0;font-size:8pt;} .battle-log .chat strong {color:#40576A;} .battle-log .chat em {padding:1px 4px 1px 3px;color:#000000;font-style:normal;} .chat.mine {background:rgba(0,0,0,0.05);margin-left:-8px;margin-right:-8px;padding-left:8px;padding-right:8px;} .spoiler {color:#BBBBBB;background:#BBBBBB;padding:0px 3px;} .spoiler:hover, .spoiler:active, .spoiler-shown {color:#000000;background:#E2E2E2;padding:0px 3px;} .spoiler a {color:#BBBBBB;} .spoiler:hover a, .spoiler:active a, .spoiler-shown a {color:#2288CC;} .chat code, .chat .spoiler:hover code, .chat .spoiler:active code, .chat .spoiler-shown code {border:1px solid #C0C0C0;background:#EEEEEE;color:black;padding:0 2px;} .chat .spoiler code {border:1px solid #CCCCCC;background:#CCCCCC;color:#CCCCCC;} .battle-log .rated {padding:3px 4px;} .battle-log .rated strong {color:white;background:#89A;padding:1px 4px;border-radius:4px;} .spacer {margin-top:0.5em;} .message-announce {background:#6688AA;color:white;padding:1px 4px 2px;} .message-announce a, .broadcast-green a, .broadcast-blue a, .broadcast-red a {color:#DDEEFF;} .broadcast-green {background-color:#559955;color:white;padding:2px 4px;} .broadcast-blue {background-color:#6688AA;color:white;padding:2px 4px;} .infobox {border:1px solid #6688AA;padding:2px 4px;} .infobox-limited {max-height:200px;overflow:auto;overflow-x:hidden;} .broadcast-red {background-color:#AA5544;color:white;padding:2px 4px;} .message-learn-canlearn {font-weight:bold;color:#228822;text-decoration:underline;} .message-learn-cannotlearn {font-weight:bold;color:#CC2222;text-decoration:underline;} .message-effect-weak {font-weight:bold;color:#CC2222;} .message-effect-resist {font-weight:bold;color:#6688AA;} .message-effect-immune {font-weight:bold;color:#666666;} .message-learn-list {margin-top:0;margin-bottom:0;} .message-throttle-notice, .message-error {color:#992222;} .message-overflow, .chat small.message-overflow {font-size:0pt;} .message-overflow::before {font-size:9pt;content:'...';} .subtle {color:#3A4A66;}
</style>
<div class="wrapper replay-wrapper" style="max-width:1180px;margin:0 auto">
<input type="hidden" name="replayid" value="gen7ou-617743014" />
<div class="battle"></div><div class="battle-log"></div><div class="replay-controls"></div><div class="replay-controls-2"></div>
<h1 style="font-weight:normal;text-align:center"><strong>[Gen 7] OU</strong><br /><a href="http://pokemonshowdown.com/users/lt42anjnp" class="subtle" target="_blank">LT42A NJNP</a> vs. <a href="http://pokemonshowdown.com/users/100rires" class="subtle" target="_blank">100 rires***</a></h1>
<script type="text/plain" class="battle-log-data">|j|LT42A NJNP
|j|100 rires***
|player|p1|LT42A NJNP|46
|teamsize|p1|6
|player|p2|100 rires***|#zinnia
|teamsize|p2|6
|gametype|singles
|gen|7
|tier|[Gen 7] OU
|rated
|seed|11372,39522,48897,2830
|rule|Sleep Clause Mod: Limit one foe put to sleep
|rule|Species Clause: Limit one of each Pokémon
|rule|OHKO Clause: OHKO moves are banned
|rule|Moody Clause: Moody is banned
|rule|Evasion Moves Clause: Evasion moves are banned
|rule|Endless Battle Clause: Forcing endless battles is banned
|rule|HP Percentage Mod: HP is shown in percentages
|clearpoke
|poke|p1|Kyurem-Black|item
|poke|p1|Tapu Koko|item
|poke|p1|Mew|item
|poke|p1|Scizor, M|item
|poke|p1|Toxapex, F|item
|poke|p1|Landorus-Therian, M|item
|poke|p2|Scizor, F|item
|poke|p2|Greninja, M|item
|poke|p2|Dugtrio, F|item
|poke|p2|Zapdos|item
|poke|p2|Heatran, M|item
|poke|p2|Tangrowth, F|item
|teampreview
|j|LT42A Ricardo
|j|Matheus RW
|j|reymaki
|j|ez
|j|Irapeyoueveryday
|j|LT42A Phrog
|choice|team 1, team 2, team 3, team 4, team 5, team 6|team 4, team 2, team 3, team 1, team 5, team 6
|
|start
|switch|p1a: Kyurem|Kyurem-Black|391\/391
|switch|p2a: Zapdos|Zapdos|383\/383
|-ability|p1a: Kyurem|Teravolt
|-ability|p2a: Zapdos|Pressure
|turn|1
|j|Kleinstein1003
|choice|move hiddenpower|switch 5
|
|switch|p2a: Heatran|Heatran, M|385\/385
|move|p1a: Kyurem|Hidden Power|p2a: Heatran
|-damage|p2a: Heatran|313\/385
|
|-heal|p2a: Heatran|337\/385|[from] item: Leftovers
|upkeep
|turn|2
|j|sorry?!?!
|choice|switch 5|move stealthrock
|
|switch|p1a: Toxapex|Toxapex, F|303\/303
|move|p2a: Heatran|Stealth Rock|p1a: Toxapex
|-sidestart|p1: LT42A NJNP|move: Stealth Rock
|
|-heal|p2a: Heatran|361\/385|[from] item: Leftovers
|upkeep
|turn|3
|j|LT42A cc
|choice|move toxicspikes|move magmastorm
|
|move|p2a: Heatran|Magma Storm|p1a: Toxapex
|-resisted|p1a: Toxapex
|-damage|p1a: Toxapex|257\/303
|-activate|p1a: Toxapex|move: Magma Storm|[of] p2a: Heatran
|move|p1a: Toxapex|Toxic Spikes|p2a: Heatran
|-sidestart|p2: 100 rires***|move: Toxic Spikes
|
|-heal|p2a: Heatran|385\/385|[from] item: Leftovers
|-damage|p1a: Toxapex|220\/303|[from] move: Magma Storm|[partiallytrapped]
|upkeep
|turn|4
|choice|move recover|move willowisp
|
|move|p2a: Heatran|Will-O-Wisp|p1a: Toxapex
|-status|p1a: Toxapex|brn
|move|p1a: Toxapex|Recover|p1a: Toxapex
|-heal|p1a: Toxapex|303\/303 brn
|
|-damage|p1a: Toxapex|285\/303 brn|[from] brn
|-damage|p1a: Toxapex|248\/303 brn|[from] move: Magma Storm|[partiallytrapped]
|upkeep
|turn|5
|choice|move scald|move magmastorm
|
|move|p2a: Heatran|Magma Storm|p1a: Toxapex
|-resisted|p1a: Toxapex
|-damage|p1a: Toxapex|202\/303 brn
|move|p1a: Toxapex|Scald|p2a: Heatran
|-supereffective|p2a: Heatran
|-damage|p2a: Heatran|299\/385
|
|-heal|p2a: Heatran|323\/385|[from] item: Leftovers
|-damage|p1a: Toxapex|184\/303 brn|[from] brn
|-damage|p1a: Toxapex|147\/303 brn|[from] move: Magma Storm|[partiallytrapped]
|upkeep
|turn|6
|choice|switch 3|move earthpower
|
|switch|p1a: Mew|Mew|403\/403
|-damage|p1a: Mew|353\/403|[from] Stealth Rock
|move|p2a: Heatran|Earth Power|p1a: Mew
|-crit|p1a: Mew
|-damage|p1a: Mew|230\/403
|
|-heal|p1a: Mew|255\/403|[from] item: Leftovers
|-heal|p2a: Heatran|347\/385|[from] item: Leftovers
|upkeep
|turn|7
|j|ids gzy
|l|Irapeyoueveryday
|choice|move stealthrock|switch 5
|
|switch|p2a: Zapdos|Zapdos|383\/383
|-ability|p2a: Zapdos|Pressure
|move|p1a: Mew|Stealth Rock|p2a: Zapdos
|-sidestart|p2: 100 rires***|move: Stealth Rock
|
|-heal|p1a: Mew|280\/403|[from] item: Leftovers
|upkeep
|turn|8
|choice|move roost|move defog
|
|move|p1a: Mew|Roost|p1a: Mew
|-heal|p1a: Mew|403\/403
|move|p2a: Zapdos|Defog|p1a: Mew
|-unboost|p1a: Mew|evasion|1
|-sideend|p1: LT42A NJNP|Stealth Rock|[from] move: Defog|[of] p1a: Mew
|-sideend|p2: 100 rires***|Toxic Spikes|[from] move: Defog|[of] p2a: Zapdos
|-sideend|p2: 100 rires***|Stealth Rock|[from] move: Defog|[of] p2a: Zapdos
|
|upkeep
|turn|9
|choice|move stealthrock|move discharge
|
|move|p1a: Mew|Stealth Rock|p2a: Zapdos
|-sidestart|p2: 100 rires***|move: Stealth Rock
|move|p2a: Zapdos|Discharge|p1a: Mew
|-damage|p1a: Mew|294\/403
|
|-heal|p1a: Mew|319\/403|[from] item: Leftovers
|upkeep
|turn|10
|choice|move willowisp|move defog
|
|move|p1a: Mew|Will-O-Wisp|p2a: Zapdos
|-status|p2a: Zapdos|brn
|move|p2a: Zapdos|Defog|p1a: Mew
|-unboost|p1a: Mew|evasion|1
|-sideend|p2: 100 rires***|Stealth Rock|[from] move: Defog|[of] p2a: Zapdos
|
|-heal|p1a: Mew|344\/403|[from] item: Leftovers
|-damage|p2a: Zapdos|360\/383 brn|[from] brn
|upkeep
|turn|11
|l|ez
|choice|move stealthrock|move toxic
|
|move|p1a: Mew|Stealth Rock|p2a: Zapdos
|-sidestart|p2: 100 rires***|move: Stealth Rock
|move|p2a: Zapdos|Toxic|p1a: Mew
|-status|p1a: Mew|tox
|-activate|p1a: Mew|ability: Synchronize
|-fail|p2a: Zapdos
|
|-heal|p1a: Mew|369\/403 tox|[from] item: Leftovers
|-heal|p2a: Zapdos|383\/383 brn|[from] item: Leftovers
|-damage|p1a: Mew|344\/403 tox|[from] psn
|-damage|p2a: Zapdos|360\/383 brn|[from] brn
|upkeep
|turn|12
|choice|switch 5|move defog
|
|switch|p1a: Kyurem|Kyurem-Black|391\/391
|-ability|p1a: Kyurem|Teravolt
|move|p2a: Zapdos|Defog|p1a: Kyurem
|-unboost|p1a: Kyurem|evasion|1
|-sideend|p2: 100 rires***|Stealth Rock|[from] move: Defog|[of] p2a: Zapdos
|
|-heal|p2a: Zapdos|383\/383 brn|[from] item: Leftovers
|-damage|p2a: Zapdos|360\/383 brn|[from] brn
|upkeep
|turn|13
|choice|move hiddenpower|switch 4
|
|switch|p2a: Scizor|Scizor, F|343\/343
|move|p1a: Kyurem|Hidden Power|p2a: Scizor
|-supereffective|p2a: Scizor
|-damage|p2a: Scizor|0 fnt
|faint|p2a: Scizor
|
|upkeep
|choice||switch 3
|
|switch|p2a: Dugtrio|Dugtrio, F|214\/214
|turn|14
|choice|move hiddenpower|move screech
|
|move|p2a: Dugtrio|Screech|p1a: Kyurem
|-unboost|p1a: Kyurem|def|2
|move|p1a: Kyurem|Hidden Power|p2a: Dugtrio
|-damage|p2a: Dugtrio|85\/214
|
|upkeep
|turn|15
|choice|move hiddenpower|move earthquake zmove
|
|-zpower|p2a: Dugtrio
|move|p2a: Dugtrio|Tectonic Rage|p1a: Kyurem|[zeffect]
|-damage|p1a: Kyurem|0 fnt
|faint|p1a: Kyurem
|
|upkeep
|choice|switch 6|
|
|switch|p1a: Landorus|Landorus-Therian, M|319\/319
|-ability|p1a: Landorus|Intimidate|boost
|-unboost|p2a: Dugtrio|atk|1
|turn|16
|choice|move uturn|move screech
|
|move|p1a: Landorus|U-turn|p2a: Dugtrio
|-damage|p2a: Dugtrio|0 fnt
|faint|p2a: Dugtrio
|choice|switch 2|
|
|switch|p1a: Tapu Koko|Tapu Koko|281\/281
|-fieldstart|move: Electric Terrain|[from] ability: Electric Surge|[of] p1a: Tapu Koko
|
|upkeep
|choice||switch 6
|
|switch|p2a: Tangrowth|Tangrowth, F|404\/404
|turn|17
|choice|move uturn|move gigadrain
|
|move|p1a: Tapu Koko|U-turn|p2a: Tangrowth
|-supereffective|p2a: Tangrowth
|-damage|p2a: Tangrowth|268\/404
|choice|switch 4|
|
|switch|p1a: Scizor|Scizor, M|343\/343
|move|p2a: Tangrowth|Giga Drain|p1a: Scizor
|-resisted|p1a: Scizor
|-damage|p1a: Scizor|316\/343
|-heal|p2a: Tangrowth|282\/404|[from] drain|[of] p1a: Scizor
|
|upkeep
|turn|18
|choice|move uturn mega|switch 4
|
|switch|p2a: Zapdos|Zapdos|360\/383 brn
|-ability|p2a: Zapdos|Pressure
|detailschange|p1a: Scizor|Scizor-Mega, M
|-mega|p1a: Scizor|Scizor|Scizorite
|move|p1a: Scizor|U-turn|p2a: Zapdos
|-resisted|p2a: Zapdos
|-damage|p2a: Zapdos|298\/383 brn
|choice|switch 4|
|
|switch|p1a: Tapu Koko|Tapu Koko|281\/281
|
|-heal|p2a: Zapdos|321\/383 brn|[from] item: Leftovers
|-damage|p2a: Zapdos|298\/383 brn|[from] brn
|upkeep
|turn|19
|choice|move uturn|switch 4
|
|switch|p2a: Tangrowth|Tangrowth, F|404\/404
|move|p1a: Tapu Koko|U-turn|p2a: Tangrowth
|-supereffective|p2a: Tangrowth
|-damage|p2a: Tangrowth|276\/404
|choice|switch 4|
|
|switch|p1a: Scizor|Scizor-Mega, M|316\/343
|
|upkeep
|turn|20
|choice|move uturn|switch 5
|
|switch|p2a: Heatran|Heatran, M|347\/385
|move|p1a: Scizor|U-turn|p2a: Heatran
|-resisted|p2a: Heatran
|-crit|p2a: Heatran
|-damage|p2a: Heatran|304\/385
|choice|switch 4|
|
|switch|p1a: Tapu Koko|Tapu Koko|281\/281
|
|-heal|p2a: Heatran|328\/385|[from] item: Leftovers
|-fieldend|move: Electric Terrain
|upkeep
|turn|21
|choice|move uturn|switch 5
|
|switch|p2a: Tangrowth|Tangrowth, F|404\/404
|move|p1a: Tapu Koko|U-turn|p2a: Tangrowth
|-supereffective|p2a: Tangrowth
|-damage|p2a: Tangrowth|270\/404
|choice|switch 4|
|
|switch|p1a: Scizor|Scizor-Mega, M|316\/343
|
|upkeep
|turn|22
|choice|move uturn|switch 5
|
|switch|p2a: Heatran|Heatran, M|328\/385
|move|p1a: Scizor|U-turn|p2a: Heatran
|-resisted|p2a: Heatran
|-damage|p2a: Heatran|300\/385
|choice|switch 4|
|
|switch|p1a: Tapu Koko|Tapu Koko|281\/281
|-fieldstart|move: Electric Terrain|[from] ability: Electric Surge|[of] p1a: Tapu Koko
|
|-heal|p2a: Heatran|324\/385|[from] item: Leftovers
|upkeep
|turn|23
|choice|move uturn|switch 5
|
|switch|p2a: Tangrowth|Tangrowth, F|404\/404
|move|p1a: Tapu Koko|U-turn|p2a: Tangrowth
|-supereffective|p2a: Tangrowth
|-damage|p2a: Tangrowth|274\/404
|choice|switch 4|
|
|switch|p1a: Scizor|Scizor-Mega, M|316\/343
|
|upkeep
|turn|24
|choice|move uturn|switch 5
|
|switch|p2a: Heatran|Heatran, M|324\/385
|move|p1a: Scizor|U-turn|p2a: Heatran
|-resisted|p2a: Heatran
|-damage|p2a: Heatran|297\/385
|j|Noctour9
|choice|switch 2|
|
|switch|p1a: Landorus|Landorus-Therian, M|319\/319
|-ability|p1a: Landorus|Intimidate|boost
|-unboost|p2a: Heatran|atk|1
|
|-heal|p2a: Heatran|321\/385|[from] item: Leftovers
|upkeep
|turn|25
|choice|move uturn|switch 5
|
|switch|p2a: Tangrowth|Tangrowth, F|404\/404
|move|p1a: Landorus|U-turn|p2a: Tangrowth
|-supereffective|p2a: Tangrowth
|-damage|p2a: Tangrowth|264\/404
|choice|switch 2|
|
|switch|p1a: Scizor|Scizor-Mega, M|316\/343
|
|upkeep
|turn|26
|choice|move uturn|switch 5
|
|switch|p2a: Heatran|Heatran, M|321\/385
|move|p1a: Scizor|U-turn|p2a: Heatran
|-resisted|p2a: Heatran
|-damage|p2a: Heatran|293\/385
|choice|switch 4|
|
|switch|p1a: Tapu Koko|Tapu Koko|281\/281
|
|-heal|p2a: Heatran|317\/385|[from] item: Leftovers
|-fieldend|move: Electric Terrain
|upkeep
|turn|27
|choice|move uturn|move stealthrock
|
|move|p1a: Tapu Koko|U-turn|p2a: Heatran
|-resisted|p2a: Heatran
|-damage|p2a: Heatran|300\/385
|choice|switch 3|
|
|switch|p1a: Toxapex|Toxapex, F|248\/303 brn
|move|p2a: Heatran|Stealth Rock|p1a: Toxapex
|-sidestart|p1: LT42A NJNP|move: Stealth Rock
|
|-heal|p2a: Heatran|324\/385|[from] item: Leftovers
|-damage|p1a: Toxapex|230\/303 brn|[from] brn
|upkeep
|turn|28
|choice|switch 5|switch 2
|
|switch|p2a: Greninja|Greninja, M|285\/285
|switch|p1a: Mew|Mew|344\/403 tox
|-damage|p1a: Mew|294\/403 tox|[from] Stealth Rock
|
|-heal|p1a: Mew|319\/403 tox|[from] item: Leftovers
|-damage|p1a: Mew|294\/403 tox|[from] psn
|upkeep
|turn|29
|choice|switch 5|move darkpulse
|
|switch|p1a: Toxapex|Toxapex, F|303\/303 brn
|-damage|p1a: Toxapex|266\/303 brn|[from] Stealth Rock
|move|p2a: Greninja|Dark Pulse|p1a: Toxapex
|-damage|p1a: Toxapex|148\/303 brn
|
|-damage|p1a: Toxapex|130\/303 brn|[from] brn
|upkeep
|turn|30
|choice|switch 3|move darkpulse
|
|switch|p1a: Tapu Koko|Tapu Koko|281\/281
|-damage|p1a: Tapu Koko|246\/281|[from] Stealth Rock
|-fieldstart|move: Electric Terrain|[from] ability: Electric Surge|[of] p1a: Tapu Koko
|move|p2a: Greninja|Dark Pulse|p1a: Tapu Koko
|-resisted|p1a: Tapu Koko
|-damage|p1a: Tapu Koko|127\/281
|
|upkeep
|turn|31
|j|blunderr
|choice|move roost|switch 5
|
|switch|p2a: Tangrowth|Tangrowth, F|398\/404
|move|p1a: Tapu Koko|Roost|p1a: Tapu Koko
|-heal|p1a: Tapu Koko|268\/281
|
|upkeep
|turn|32
|choice|move uturn|switch 2
|
|switch|p2a: Heatran|Heatran, M|324\/385
|move|p1a: Tapu Koko|U-turn|p2a: Heatran
|-resisted|p2a: Heatran
|-damage|p2a: Heatran|306\/385
|j|SOULGAZER
|choice|switch 2|
|
|switch|p1a: Landorus|Landorus-Therian, M|319\/319
|-damage|p1a: Landorus|280\/319|[from] Stealth Rock
|-ability|p1a: Landorus|Intimidate|boost
|-unboost|p2a: Heatran|atk|1
|
|-heal|p2a: Heatran|330\/385|[from] item: Leftovers
|upkeep
|turn|33
|choice|move uturn|switch 2
|
|switch|p2a: Tangrowth|Tangrowth, F|404\/404
|move|p1a: Landorus|U-turn|p2a: Tangrowth
|-supereffective|p2a: Tangrowth
|-damage|p2a: Tangrowth|272\/404
|choice|switch 4|
|
|switch|p1a: Scizor|Scizor-Mega, M|316\/343
|-damage|p1a: Scizor|274\/343|[from] Stealth Rock
|
|upkeep
|turn|34
|c| sorry?!?!|fizikally
|j|Fly's Alt
|choice|move defog|switch 2
|
|switch|p2a: Heatran|Heatran, M|330\/385
|move|p1a: Scizor|Defog|p2a: Heatran
|-unboost|p2a: Heatran|evasion|1
|-sideend|p1: LT42A NJNP|Stealth Rock|[from] move: Defog|[of] p1a: Scizor
|
|-heal|p2a: Heatran|354\/385|[from] item: Leftovers
|-fieldend|move: Electric Terrain
|upkeep
|turn|35
|choice|switch 5|move earthpower
|
|switch|p1a: Mew|Mew|294\/403 tox
|move|p2a: Heatran|Earth Power|p1a: Mew
|-damage|p1a: Mew|208\/403 tox
|
|-heal|p1a: Mew|233\/403 tox|[from] item: Leftovers
|-heal|p2a: Heatran|378\/385|[from] item: Leftovers
|-damage|p1a: Mew|208\/403 tox|[from] psn
|upkeep
|turn|36
|choice|move earthquake|switch 4
|
|switch|p2a: Zapdos|Zapdos|298\/383 brn
|-ability|p2a: Zapdos|Pressure
|move|p1a: Mew|Earthquake|p2a: Zapdos
|-immune|p2a: Zapdos|[msg]
|
|-heal|p1a: Mew|233\/403 tox|[from] item: Leftovers
|-heal|p2a: Zapdos|321\/383 brn|[from] item: Leftovers
|-damage|p1a: Mew|183\/403 tox|[from] psn
|-damage|p2a: Zapdos|298\/383 brn|[from] brn
|upkeep
|turn|37
|choice|move roost|move discharge
|
|move|p1a: Mew|Roost|p1a: Mew
|-heal|p1a: Mew|385\/403 tox
|move|p2a: Zapdos|Discharge|p1a: Mew
|-damage|p1a: Mew|271\/403 tox
|
|-heal|p1a: Mew|296\/403 tox|[from] item: Leftovers
|-heal|p2a: Zapdos|321\/383 brn|[from] item: Leftovers
|-damage|p1a: Mew|221\/403 tox|[from] psn
|-damage|p2a: Zapdos|298\/383 brn|[from] brn
|upkeep
|turn|38
|j|LT42A chunder
|choice|switch 2|move discharge
|
|switch|p1a: Tapu Koko|Tapu Koko|268\/281
|-fieldstart|move: Electric Terrain|[from] ability: Electric Surge|[of] p1a: Tapu Koko
|move|p2a: Zapdos|Discharge|p1a: Tapu Koko
|-resisted|p1a: Tapu Koko
|-damage|p1a: Tapu Koko|197\/281
|
|-heal|p2a: Zapdos|321\/383 brn|[from] item: Leftovers
|-damage|p2a: Zapdos|298\/383 brn|[from] brn
|upkeep
|turn|39
|choice|move uturn|switch 2
|
|switch|p2a: Tangrowth|Tangrowth, F|404\/404
|move|p1a: Tapu Koko|U-turn|p2a: Tangrowth
|-supereffective|p2a: Tangrowth
|-damage|p2a: Tangrowth|274\/404
|choice|switch 5|
|
|switch|p1a: Scizor|Scizor-Mega, M|274\/343
|
|upkeep
|turn|40
|j|Raekiorra
|choice|move uturn|switch 4
|
|switch|p2a: Heatran|Heatran, M|378\/385
|move|p1a: Scizor|U-turn|p2a: Heatran
|-resisted|p2a: Heatran
|-damage|p2a: Heatran|351\/385
|choice|switch 5|
|
|switch|p1a: Tapu Koko|Tapu Koko|197\/281
|
|-heal|p2a: Heatran|375\/385|[from] item: Leftovers
|upkeep
|turn|41
|choice|move uturn|switch 4
|
|switch|p2a: Tangrowth|Tangrowth, F|404\/404
|move|p1a: Tapu Koko|U-turn|p2a: Tangrowth
|-supereffective|p2a: Tangrowth
|-damage|p2a: Tangrowth|286\/404
|choice|switch 3|
|
|switch|p1a: Toxapex|Toxapex, F|231\/303 brn
|
|-damage|p1a: Toxapex|213\/303 brn|[from] brn
|upkeep
|turn|42
|j|Mewtwo927ひかり
|choice|move toxicspikes|switch 2
|
|switch|p2a: Zapdos|Zapdos|298\/383 brn
|-ability|p2a: Zapdos|Pressure
|move|p1a: Toxapex|Toxic Spikes|p2a: Zapdos
|-sidestart|p2: 100 rires***|move: Toxic Spikes
|
|-heal|p2a: Zapdos|321\/383 brn|[from] item: Leftovers
|-damage|p2a: Zapdos|298\/383 brn|[from] brn
|-damage|p1a: Toxapex|195\/303 brn|[from] brn
|-fieldend|move: Electric Terrain
|upkeep
|turn|43
|choice|switch 3|move defog
|
|switch|p1a: Tapu Koko|Tapu Koko|197\/281
|-fieldstart|move: Electric Terrain|[from] ability: Electric Surge|[of] p1a: Tapu Koko
|move|p2a: Zapdos|Defog|p1a: Tapu Koko
|-unboost|p1a: Tapu Koko|evasion|1
|-sideend|p2: 100 rires***|Toxic Spikes|[from] move: Defog|[of] p2a: Zapdos
|
|-heal|p2a: Zapdos|321\/383 brn|[from] item: Leftovers
|-damage|p2a: Zapdos|298\/383 brn|[from] brn
|upkeep
|turn|44
|choice|move uturn|switch 2
|
|switch|p2a: Tangrowth|Tangrowth, F|404\/404
|move|p1a: Tapu Koko|U-turn|p2a: Tangrowth
|-supereffective|p2a: Tangrowth
|-damage|p2a: Tangrowth|272\/404
|choice|switch 3|
|
|switch|p1a: Toxapex|Toxapex, F|296\/303 brn
|
|-damage|p1a: Toxapex|278\/303 brn|[from] brn
|upkeep
|turn|45
|choice|move toxicspikes|switch 2
|
|switch|p2a: Zapdos|Zapdos|298\/383 brn
|-ability|p2a: Zapdos|Pressure
|move|p1a: Toxapex|Toxic Spikes|p2a: Zapdos
|-sidestart|p2: 100 rires***|move: Toxic Spikes
|
|-heal|p2a: Zapdos|321\/383 brn|[from] item: Leftovers
|-damage|p2a: Zapdos|298\/383 brn|[from] brn
|-damage|p1a: Toxapex|260\/303 brn|[from] brn
|upkeep
|turn|46
|j|ict
|choice|move scald|move defog
|
|move|p2a: Zapdos|Defog|p1a: Toxapex
|-unboost|p1a: Toxapex|evasion|1
|-sideend|p2: 100 rires***|Toxic Spikes|[from] move: Defog|[of] p2a: Zapdos
|move|p1a: Toxapex|Scald|p2a: Zapdos
|-damage|p2a: Zapdos|252\/383 brn
|
|-heal|p2a: Zapdos|275\/383 brn|[from] item: Leftovers
|-damage|p2a: Zapdos|252\/383 brn|[from] brn
|-damage|p1a: Toxapex|242\/303 brn|[from] brn
|upkeep
|turn|47
|j|UrWaifuSmellBad
|choice|move toxicspikes|move roost
|
|move|p2a: Zapdos|Roost|p2a: Zapdos
|-heal|p2a: Zapdos|383\/383 brn
|move|p1a: Toxapex|Toxic Spikes|p2a: Zapdos
|-sidestart|p2: 100 rires***|move: Toxic Spikes
|
|-damage|p2a: Zapdos|360\/383 brn|[from] brn
|-damage|p1a: Toxapex|224\/303 brn|[from] brn
|-fieldend|move: Electric Terrain
|upkeep
|turn|48
|j|Zamrock
|l|Mewtwo927ひかり
|l|rogue loli
|choice|switch 3|move defog
|
|switch|p1a: Tapu Koko|Tapu Koko|197\/281
|-fieldstart|move: Electric Terrain|[from] ability: Electric Surge|[of] p1a: Tapu Koko
|move|p2a: Zapdos|Defog|p1a: Tapu Koko
|-unboost|p1a: Tapu Koko|evasion|1
|-sideend|p2: 100 rires***|Toxic Spikes|[from] move: Defog|[of] p2a: Zapdos
|
|-heal|p2a: Zapdos|383\/383 brn|[from] item: Leftovers
|-damage|p2a: Zapdos|360\/383 brn|[from] brn
|upkeep
|turn|49
|j|Baxstenias
|choice|move uturn|switch 2
|
|switch|p2a: Tangrowth|Tangrowth, F|404\/404
|move|p1a: Tapu Koko|U-turn|p2a: Tangrowth
|-supereffective|p2a: Tangrowth
|-damage|p2a: Tangrowth|278\/404
|choice|switch 5|
|
|switch|p1a: Scizor|Scizor-Mega, M|274\/343
|
|upkeep
|turn|50
|choice|move uturn|switch 4
|
|switch|p2a: Heatran|Heatran, M|375\/385
|move|p1a: Scizor|U-turn|p2a: Heatran
|-resisted|p2a: Heatran
|-damage|p2a: Heatran|350\/385
|choice|switch 3|
|
|switch|p1a: Toxapex|Toxapex, F|303\/303 brn
|
|-heal|p2a: Heatran|374\/385|[from] item: Leftovers
|-damage|p1a: Toxapex|285\/303 brn|[from] brn
|upkeep
|turn|51
|choice|move toxicspikes|switch 2
|
|switch|p2a: Zapdos|Zapdos|360\/383 brn
|-ability|p2a: Zapdos|Pressure
|move|p1a: Toxapex|Toxic Spikes|p2a: Zapdos
|-sidestart|p2: 100 rires***|move: Toxic Spikes
|
|-heal|p2a: Zapdos|383\/383 brn|[from] item: Leftovers
|-damage|p2a: Zapdos|360\/383 brn|[from] brn
|-damage|p1a: Toxapex|267\/303 brn|[from] brn
|upkeep
|turn|52
|choice|switch 5|move defog
|
|switch|p1a: Tapu Koko|Tapu Koko|197\/281
|move|p2a: Zapdos|Defog|p1a: Tapu Koko
|-unboost|p1a: Tapu Koko|evasion|1
|-sideend|p2: 100 rires***|Toxic Spikes|[from] move: Defog|[of] p2a: Zapdos
|
|-heal|p2a: Zapdos|383\/383 brn|[from] item: Leftovers
|-damage|p2a: Zapdos|360\/383 brn|[from] brn
|-fieldend|move: Electric Terrain
|upkeep
|turn|53
|choice|move taunt|move roost
|
|move|p1a: Tapu Koko|Taunt|p2a: Zapdos
|-start|p2a: Zapdos|move: Taunt
|cant|p2a: Zapdos|move: Taunt|Roost
|
|-heal|p2a: Zapdos|383\/383 brn|[from] item: Leftovers
|-damage|p2a: Zapdos|360\/383 brn|[from] brn
|upkeep
|turn|54
|choice|move roost|switch 4
|
|switch|p2a: Tangrowth|Tangrowth, F|404\/404
|move|p1a: Tapu Koko|Roost|p1a: Tapu Koko
|-heal|p1a: Tapu Koko|281\/281
|
|upkeep
|turn|55
|choice|move uturn|move earthquake
|
|move|p1a: Tapu Koko|U-turn|p2a: Tangrowth
|-supereffective|p2a: Tangrowth
|-damage|p2a: Tangrowth|282\/404
|choice|switch 3|
|
|switch|p1a: Scizor|Scizor-Mega, M|274\/343
|move|p2a: Tangrowth|Earthquake|p1a: Scizor
|-damage|p1a: Scizor|226\/343
|
|upkeep
|turn|56
|choice|move uturn|switch 2
|
|switch|p2a: Heatran|Heatran, M|374\/385
|move|p1a: Scizor|U-turn|p2a: Heatran
|-resisted|p2a: Heatran
|-damage|p2a: Heatran|347\/385
|j|LT42X Raptor
|choice|switch 5|
|
|switch|p1a: Toxapex|Toxapex, F|303\/303 brn
|
|-heal|p2a: Heatran|371\/385|[from] item: Leftovers
|-damage|p1a: Toxapex|285\/303 brn|[from] brn
|upkeep
|turn|57
|choice|move toxicspikes|switch 4
|
|switch|p2a: Zapdos|Zapdos|360\/383 brn
|-ability|p2a: Zapdos|Pressure
|move|p1a: Toxapex|Toxic Spikes|p2a: Zapdos
|-sidestart|p2: 100 rires***|move: Toxic Spikes
|
|-heal|p2a: Zapdos|383\/383 brn|[from] item: Leftovers
|-damage|p2a: Zapdos|360\/383 brn|[from] brn
|-damage|p1a: Toxapex|267\/303 brn|[from] brn
|upkeep
|turn|58
|j|hurryupcucks
|choice|switch 3|move defog
|
|switch|p1a: Tapu Koko|Tapu Koko|281\/281
|-fieldstart|move: Electric Terrain|[from] ability: Electric Surge|[of] p1a: Tapu Koko
|move|p2a: Zapdos|Defog|p1a: Tapu Koko
|-unboost|p1a: Tapu Koko|evasion|1
|-sideend|p2: 100 rires***|Toxic Spikes|[from] move: Defog|[of] p2a: Zapdos
|
|-heal|p2a: Zapdos|383\/383 brn|[from] item: Leftovers
|-damage|p2a: Zapdos|360\/383 brn|[from] brn
|upkeep
|turn|59
|choice|move uturn|switch 2
|
|switch|p2a: Tangrowth|Tangrowth, F|404\/404
|move|p1a: Tapu Koko|U-turn|p2a: Tangrowth
|-supereffective|p2a: Tangrowth
|-damage|p2a: Tangrowth|274\/404
|choice|switch 3|
|
|switch|p1a: Toxapex|Toxapex, F|303\/303 brn
|
|-damage|p1a: Toxapex|285\/303 brn|[from] brn
|upkeep
|turn|60
|choice|move toxicspikes|switch 2
|
|switch|p2a: Zapdos|Zapdos|360\/383 brn
|-ability|p2a: Zapdos|Pressure
|move|p1a: Toxapex|Toxic Spikes|p2a: Zapdos
|-sidestart|p2: 100 rires***|move: Toxic Spikes
|
|-heal|p2a: Zapdos|383\/383 brn|[from] item: Leftovers
|-damage|p2a: Zapdos|360\/383 brn|[from] brn
|-damage|p1a: Toxapex|267\/303 brn|[from] brn
|upkeep
|turn|61
|choice|switch 2|move defog
|
|switch|p1a: Mew|Mew|221\/403 tox
|move|p2a: Zapdos|Defog|p1a: Mew
|-unboost|p1a: Mew|evasion|1
|-sideend|p2: 100 rires***|Toxic Spikes|[from] move: Defog|[of] p2a: Zapdos
|
|-heal|p1a: Mew|246\/403 tox|[from] item: Leftovers
|-heal|p2a: Zapdos|383\/383 brn|[from] item: Leftovers
|-damage|p1a: Mew|221\/403 tox|[from] psn
|-damage|p2a: Zapdos|360\/383 brn|[from] brn
|upkeep
|turn|62
|choice|move roost|move discharge
|
|move|p1a: Mew|Roost|p1a: Mew
|-heal|p1a: Mew|403\/403 tox
|move|p2a: Zapdos|Discharge|p1a: Mew
|-damage|p1a: Mew|297\/403 tox
|
|-heal|p1a: Mew|322\/403 tox|[from] item: Leftovers
|-heal|p2a: Zapdos|383\/383 brn|[from] item: Leftovers
|-damage|p1a: Mew|272\/403 tox|[from] psn
|-damage|p2a: Zapdos|360\/383 brn|[from] brn
|-fieldend|move: Electric Terrain
|upkeep
|turn|63
|j|RaonLee4Ever
|choice|move stealthrock|move discharge
|
|move|p1a: Mew|Stealth Rock|p2a: Zapdos
|-sidestart|p2: 100 rires***|move: Stealth Rock
|move|p2a: Zapdos|Discharge|p1a: Mew
|-damage|p1a: Mew|163\/403 tox
|
|-heal|p1a: Mew|188\/403 tox|[from] item: Leftovers
|-heal|p2a: Zapdos|383\/383 brn|[from] item: Leftovers
|-damage|p1a: Mew|113\/403 tox|[from] psn
|-damage|p2a: Zapdos|360\/383 brn|[from] brn
|upkeep
|turn|64
|choice|move roost|move defog
|
|move|p1a: Mew|Roost|p1a: Mew
|-heal|p1a: Mew|315\/403 tox
|move|p2a: Zapdos|Defog|p1a: Mew
|-unboost|p1a: Mew|evasion|1
|-sideend|p2: 100 rires***|Stealth Rock|[from] move: Defog|[of] p2a: Zapdos
|
|-heal|p1a: Mew|340\/403 tox|[from] item: Leftovers
|-heal|p2a: Zapdos|383\/383 brn|[from] item: Leftovers
|-damage|p1a: Mew|240\/403 tox|[from] psn
|-damage|p2a: Zapdos|360\/383 brn|[from] brn
|upkeep
|turn|65
|choice|switch 5|move discharge
|
|switch|p1a: Scizor|Scizor-Mega, M|226\/343
|move|p2a: Zapdos|Discharge|p1a: Scizor
|-damage|p1a: Scizor|111\/343
|
|-heal|p2a: Zapdos|383\/383 brn|[from] item: Leftovers
|-damage|p2a: Zapdos|360\/383 brn|[from] brn
|upkeep
|turn|66
|choice|switch 3|move toxic
|
|switch|p1a: Tapu Koko|Tapu Koko|281\/281
|-fieldstart|move: Electric Terrain|[from] ability: Electric Surge|[of] p1a: Tapu Koko
|move|p2a: Zapdos|Toxic|p1a: Tapu Koko
|-status|p1a: Tapu Koko|tox
|
|-heal|p2a: Zapdos|383\/383 brn|[from] item: Leftovers
|-damage|p1a: Tapu Koko|264\/281 tox|[from] psn
|-damage|p2a: Zapdos|360\/383 brn|[from] brn
|upkeep
|turn|67
|j|ABR
|choice|move uturn|switch 2
|
|switch|p2a: Tangrowth|Tangrowth, F|404\/404
|move|p1a: Tapu Koko|U-turn|p2a: Tangrowth
|-supereffective|p2a: Tangrowth
|-crit|p2a: Tangrowth
|-damage|p2a: Tangrowth|208\/404
|choice|switch 3|
|
|switch|p1a: Scizor|Scizor-Mega, M|111\/343
|
|upkeep
|turn|68
|choice|move uturn|switch 4
|
|switch|p2a: Heatran|Heatran, M|371\/385
|move|p1a: Scizor|U-turn|p2a: Heatran
|-resisted|p2a: Heatran
|-damage|p2a: Heatran|344\/385
|j|LT42B Real
|c| LT42B Real|njnp bby
|c| LT42B Real|its shady
|choice|switch 3|
|
|switch|p1a: Tapu Koko|Tapu Koko|264\/281 tox
|
|-heal|p2a: Heatran|368\/385|[from] item: Leftovers
|-damage|p1a: Tapu Koko|247\/281 tox|[from] psn
|upkeep
|turn|69
|choice|move uturn|switch 4
|
|switch|p2a: Tangrowth|Tangrowth, F|342\/404
|move|p1a: Tapu Koko|U-turn|p2a: Tangrowth
|-supereffective|p2a: Tangrowth
|-damage|p2a: Tangrowth|222\/404
|choice|switch 5|
|
|switch|p1a: Mew|Mew|240\/403 tox
|
|-heal|p1a: Mew|265\/403 tox|[from] item: Leftovers
|-damage|p1a: Mew|240\/403 tox|[from] psn
|upkeep
|turn|70
|choice|move stealthrock|switch 2
|
|switch|p2a: Zapdos|Zapdos|360\/383 brn
|-ability|p2a: Zapdos|Pressure
|move|p1a: Mew|Stealth Rock|p2a: Zapdos
|-sidestart|p2: 100 rires***|move: Stealth Rock
|
|-heal|p1a: Mew|265\/403 tox|[from] item: Leftovers
|-heal|p2a: Zapdos|383\/383 brn|[from] item: Leftovers
|-damage|p1a: Mew|215\/403 tox|[from] psn
|-damage|p2a: Zapdos|360\/383 brn|[from] brn
|-fieldend|move: Electric Terrain
|upkeep
|turn|71
|choice|switch 5|move defog
|
|switch|p1a: Tapu Koko|Tapu Koko|247\/281 tox
|-fieldstart|move: Electric Terrain|[from] ability: Electric Surge|[of] p1a: Tapu Koko
|move|p2a: Zapdos|Defog|p1a: Tapu Koko
|-unboost|p1a: Tapu Koko|evasion|1
|-sideend|p2: 100 rires***|Stealth Rock|[from] move: Defog|[of] p2a: Zapdos
|
|-heal|p2a: Zapdos|383\/383 brn|[from] item: Leftovers
|-damage|p1a: Tapu Koko|230\/281 tox|[from] psn
|-damage|p2a: Zapdos|360\/383 brn|[from] brn
|upkeep
|turn|72
|choice|move uturn|switch 2
|
|switch|p2a: Tangrowth|Tangrowth, F|356\/404
|move|p1a: Tapu Koko|U-turn|p2a: Tangrowth
|-supereffective|p2a: Tangrowth
|-damage|p2a: Tangrowth|220\/404
|choice|switch 2|
|
|switch|p1a: Toxapex|Toxapex, F|303\/303 brn
|
|-damage|p1a: Toxapex|285\/303 brn|[from] brn
|upkeep
|turn|73
|choice|move toxicspikes|switch 2
|
|switch|p2a: Zapdos|Zapdos|360\/383 brn
|-ability|p2a: Zapdos|Pressure
|move|p1a: Toxapex|Toxic Spikes|p2a: Zapdos
|-sidestart|p2: 100 rires***|move: Toxic Spikes
|
|-heal|p2a: Zapdos|383\/383 brn|[from] item: Leftovers
|-damage|p2a: Zapdos|360\/383 brn|[from] brn
|-damage|p1a: Toxapex|267\/303 brn|[from] brn
|upkeep
|turn|74
|choice|move toxicspikes|move defog
|
|move|p2a: Zapdos|Defog|p1a: Toxapex
|-unboost|p1a: Toxapex|evasion|1
|-sideend|p2: 100 rires***|Toxic Spikes|[from] move: Defog|[of] p2a: Zapdos
|move|p1a: Toxapex|Toxic Spikes|p2a: Zapdos
|-sidestart|p2: 100 rires***|move: Toxic Spikes
|
|-heal|p2a: Zapdos|383\/383 brn|[from] item: Leftovers
|-damage|p2a: Zapdos|360\/383 brn|[from] brn
|-damage|p1a: Toxapex|249\/303 brn|[from] brn
|upkeep
|turn|75
|choice|switch 2|move defog
|
|switch|p1a: Tapu Koko|Tapu Koko|230\/281 tox
|move|p2a: Zapdos|Defog|p1a: Tapu Koko
|-unboost|p1a: Tapu Koko|evasion|1
|-sideend|p2: 100 rires***|Toxic Spikes|[from] move: Defog|[of] p2a: Zapdos
|
|-heal|p2a: Zapdos|383\/383 brn|[from] item: Leftovers
|-damage|p1a: Tapu Koko|213\/281 tox|[from] psn
|-damage|p2a: Zapdos|360\/383 brn|[from] brn
|-fieldend|move: Electric Terrain
|upkeep
|turn|76
|choice|move uturn|switch 4
|
|switch|p2a: Heatran|Heatran, M|368\/385
|move|p1a: Tapu Koko|U-turn|p2a: Heatran
|-resisted|p2a: Heatran
|-crit|p2a: Heatran
|-damage|p2a: Heatran|339\/385
|choice|switch 4|
|
|switch|p1a: Landorus|Landorus-Therian, M|280\/319
|-ability|p1a: Landorus|Intimidate|boost
|-unboost|p2a: Heatran|atk|1
|
|-heal|p2a: Heatran|363\/385|[from] item: Leftovers
|upkeep
|turn|77
|choice|move uturn|switch 2
|
|switch|p2a: Tangrowth|Tangrowth, F|354\/404
|move|p1a: Landorus|U-turn|p2a: Tangrowth
|-supereffective|p2a: Tangrowth
|-damage|p2a: Tangrowth|216\/404
|choice|switch 3|
|
|switch|p1a: Scizor|Scizor-Mega, M|111\/343
|
|upkeep
|turn|78
|choice|move uturn|switch 2
|
|switch|p2a: Heatran|Heatran, M|363\/385
|move|p1a: Scizor|U-turn|p2a: Heatran
|-resisted|p2a: Heatran
|-damage|p2a: Heatran|336\/385
|choice|switch 4|
|
|switch|p1a: Tapu Koko|Tapu Koko|213\/281 tox
|-fieldstart|move: Electric Terrain|[from] ability: Electric Surge|[of] p1a: Tapu Koko
|
|-heal|p2a: Heatran|360\/385|[from] item: Leftovers
|-damage|p1a: Tapu Koko|196\/281 tox|[from] psn
|upkeep
|turn|79
|choice|move uturn|switch 2
|
|switch|p2a: Tangrowth|Tangrowth, F|350\/404
|move|p1a: Tapu Koko|U-turn|p2a: Tangrowth
|-supereffective|p2a: Tangrowth
|-damage|p2a: Tangrowth|224\/404
|choice|switch 2|
|
|switch|p1a: Toxapex|Toxapex, F|303\/303 brn
|
|-damage|p1a: Toxapex|285\/303 brn|[from] brn
|upkeep
|turn|80
|choice|move toxicspikes|switch 4
|
|switch|p2a: Zapdos|Zapdos|360\/383 brn
|-ability|p2a: Zapdos|Pressure
|move|p1a: Toxapex|Toxic Spikes|p2a: Zapdos
|-sidestart|p2: 100 rires***|move: Toxic Spikes
|
|-heal|p2a: Zapdos|383\/383 brn|[from] item: Leftovers
|-damage|p2a: Zapdos|360\/383 brn|[from] brn
|-damage|p1a: Toxapex|267\/303 brn|[from] brn
|upkeep
|turn|81
|choice|move toxicspikes|move defog
|
|move|p2a: Zapdos|Defog|p1a: Toxapex
|-unboost|p1a: Toxapex|evasion|1
|-sideend|p2: 100 rires***|Toxic Spikes|[from] move: Defog|[of] p2a: Zapdos
|move|p1a: Toxapex|Toxic Spikes|p2a: Zapdos
|-sidestart|p2: 100 rires***|move: Toxic Spikes
|
|-heal|p2a: Zapdos|383\/383 brn|[from] item: Leftovers
|-damage|p2a: Zapdos|360\/383 brn|[from] brn
|-damage|p1a: Toxapex|249\/303 brn|[from] brn
|upkeep
|turn|82
|choice|move toxicspikes|move defog
|
|move|p2a: Zapdos|Defog|p1a: Toxapex
|-unboost|p1a: Toxapex|evasion|1
|-sideend|p2: 100 rires***|Toxic Spikes|[from] move: Defog|[of] p2a: Zapdos
|move|p1a: Toxapex|Toxic Spikes|p2a: Zapdos
|-sidestart|p2: 100 rires***|move: Toxic Spikes
|
|-heal|p2a: Zapdos|383\/383 brn|[from] item: Leftovers
|-damage|p2a: Zapdos|360\/383 brn|[from] brn
|-damage|p1a: Toxapex|231\/303 brn|[from] brn
|-fieldend|move: Electric Terrain
|upkeep
|turn|83
|choice|switch 5|move defog
|
|switch|p1a: Mew|Mew|215\/403 tox
|move|p2a: Zapdos|Defog|p1a: Mew
|-unboost|p1a: Mew|evasion|1
|-sideend|p2: 100 rires***|Toxic Spikes|[from] move: Defog|[of] p2a: Zapdos
|
|-heal|p1a: Mew|240\/403 tox|[from] item: Leftovers
|-heal|p2a: Zapdos|383\/383 brn|[from] item: Leftovers
|-damage|p1a: Mew|215\/403 tox|[from] psn
|-damage|p2a: Zapdos|360\/383 brn|[from] brn
|upkeep
|turn|84
|l|Baxstenias
|choice|move stealthrock|move discharge
|
|move|p1a: Mew|Stealth Rock|p2a: Zapdos
|-sidestart|p2: 100 rires***|move: Stealth Rock
|move|p2a: Zapdos|Discharge|p1a: Mew
|-damage|p1a: Mew|110\/403 tox
|
|-heal|p1a: Mew|135\/403 tox|[from] item: Leftovers
|-heal|p2a: Zapdos|383\/383 brn|[from] item: Leftovers
|-damage|p1a: Mew|85\/403 tox|[from] psn
|-damage|p2a: Zapdos|360\/383 brn|[from] brn
|upkeep
|turn|85
|choice|move roost|move discharge
|
|move|p1a: Mew|Roost|p1a: Mew
|-heal|p1a: Mew|287\/403 tox
|move|p2a: Zapdos|Discharge|p1a: Mew
|-damage|p1a: Mew|172\/403 tox
|
|-heal|p1a: Mew|197\/403 tox|[from] item: Leftovers
|-heal|p2a: Zapdos|383\/383 brn|[from] item: Leftovers
|-damage|p1a: Mew|122\/403 tox|[from] psn
|-damage|p2a: Zapdos|360\/383 brn|[from] brn
|upkeep
|turn|86
|l|ict
|choice|switch 2|move defog
|
|switch|p1a: Tapu Koko|Tapu Koko|196\/281 tox
|-fieldstart|move: Electric Terrain|[from] ability: Electric Surge|[of] p1a: Tapu Koko
|move|p2a: Zapdos|Defog|p1a: Tapu Koko
|-unboost|p1a: Tapu Koko|evasion|1
|-sideend|p2: 100 rires***|Stealth Rock|[from] move: Defog|[of] p2a: Zapdos
|
|-heal|p2a: Zapdos|383\/383 brn|[from] item: Leftovers
|-damage|p1a: Tapu Koko|179\/281 tox|[from] psn
|-damage|p2a: Zapdos|360\/383 brn|[from] brn
|upkeep
|turn|87
|choice|move roost|switch 4
|
|switch|p2a: Tangrowth|Tangrowth, F|358\/404
|move|p1a: Tapu Koko|Roost|p1a: Tapu Koko
|-heal|p1a: Tapu Koko|281\/281 tox
|
|-damage|p1a: Tapu Koko|247\/281 tox|[from] psn
|upkeep
|turn|88
|choice|move uturn|move gigadrain
|
|move|p1a: Tapu Koko|U-turn|p2a: Tangrowth
|-supereffective|p2a: Tangrowth
|-damage|p2a: Tangrowth|226\/404
|l|ABR
|choice|switch 5|
|
|switch|p1a: Toxapex|Toxapex, F|303\/303 brn
|move|p2a: Tangrowth|Giga Drain|p1a: Toxapex
|-damage|p1a: Toxapex|240\/303 brn
|-heal|p2a: Tangrowth|258\/404|[from] drain|[of] p1a: Toxapex
|
|-damage|p1a: Toxapex|222\/303 brn|[from] brn
|upkeep
|turn|89
|choice|move toxicspikes|move knockoff
|
|move|p2a: Tangrowth|Knock Off|p1a: Toxapex
|-damage|p1a: Toxapex|174\/303 brn
|-enditem|p1a: Toxapex|Shed Shell|[from] move: Knock Off|[of] p2a: Tangrowth
|move|p1a: Toxapex|Toxic Spikes|p2a: Tangrowth
|-sidestart|p2: 100 rires***|move: Toxic Spikes
|
|-damage|p1a: Toxapex|156\/303 brn|[from] brn
|upkeep
|turn|90
|choice|move recover|move hiddenpower
|
|move|p2a: Tangrowth|Hidden Power|p1a: Toxapex
|-resisted|p1a: Toxapex
|-damage|p1a: Toxapex|141\/303 brn
|move|p1a: Toxapex|Recover|p1a: Toxapex
|-heal|p1a: Toxapex|293\/303 brn
|
|-damage|p1a: Toxapex|275\/303 brn|[from] brn
|-fieldend|move: Electric Terrain
|upkeep
|turn|91
|choice|switch 4|switch 4
|
|switch|p2a: Zapdos|Zapdos|360\/383 brn
|-ability|p2a: Zapdos|Pressure
|switch|p1a: Scizor|Scizor-Mega, M|111\/343
|
|-heal|p2a: Zapdos|383\/383 brn|[from] item: Leftovers
|-damage|p2a: Zapdos|360\/383 brn|[from] brn
|upkeep
|turn|92
|choice|switch 5|move defog
|
|switch|p1a: Tapu Koko|Tapu Koko|247\/281 tox
|-fieldstart|move: Electric Terrain|[from] ability: Electric Surge|[of] p1a: Tapu Koko
|move|p2a: Zapdos|Defog|p1a: Tapu Koko
|-unboost|p1a: Tapu Koko|evasion|1
|-sideend|p2: 100 rires***|Toxic Spikes|[from] move: Defog|[of] p2a: Zapdos
|
|-heal|p2a: Zapdos|383\/383 brn|[from] item: Leftovers
|-damage|p1a: Tapu Koko|230\/281 tox|[from] psn
|-damage|p2a: Zapdos|360\/383 brn|[from] brn
|upkeep
|turn|93
|j|ABR
|choice|move uturn|switch 4
|
|switch|p2a: Tangrowth|Tangrowth, F|392\/404
|move|p1a: Tapu Koko|U-turn|p2a: Tangrowth
|-supereffective|p2a: Tangrowth
|-damage|p2a: Tangrowth|270\/404
|choice|switch 4|
|
|switch|p1a: Toxapex|Toxapex, F|303\/303 brn
|
|-damage|p1a: Toxapex|285\/303 brn|[from] brn
|upkeep
|turn|94
|choice|move toxicspikes|switch 4
|
|switch|p2a: Zapdos|Zapdos|360\/383 brn
|-ability|p2a: Zapdos|Pressure
|move|p1a: Toxapex|Toxic Spikes|p2a: Zapdos
|-sidestart|p2: 100 rires***|move: Toxic Spikes
|
|-heal|p2a: Zapdos|383\/383 brn|[from] item: Leftovers
|-damage|p2a: Zapdos|360\/383 brn|[from] brn
|-damage|p1a: Toxapex|267\/303 brn|[from] brn
|upkeep
|turn|95
|choice|switch 2|move defog
|
|switch|p1a: Mew|Mew|122\/403 tox
|move|p2a: Zapdos|Defog|p1a: Mew
|-unboost|p1a: Mew|evasion|1
|-sideend|p2: 100 rires***|Toxic Spikes|[from] move: Defog|[of] p2a: Zapdos
|
|-heal|p1a: Mew|147\/403 tox|[from] item: Leftovers
|-heal|p2a: Zapdos|383\/383 brn|[from] item: Leftovers
|-damage|p1a: Mew|122\/403 tox|[from] psn
|-damage|p2a: Zapdos|360\/383 brn|[from] brn
|upkeep
|turn|96
|choice|move roost|switch 5
|
|switch|p2a: Greninja|Greninja, M|285\/285
|move|p1a: Mew|Roost|p1a: Mew
|-heal|p1a: Mew|324\/403 tox
|
|-heal|p1a: Mew|349\/403 tox|[from] item: Leftovers
|-damage|p1a: Mew|299\/403 tox|[from] psn
|-fieldend|move: Electric Terrain
|upkeep
|turn|97
|choice|switch 2|move uturn
|
|switch|p1a: Toxapex|Toxapex, F|303\/303 brn
|move|p2a: Greninja|U-turn|p1a: Toxapex
|-resisted|p1a: Toxapex
|-crit|p1a: Toxapex
|-damage|p1a: Toxapex|281\/303 brn
|choice||switch 2
|
|switch|p2a: Heatran|Heatran, M|360\/385
|
|-heal|p2a: Heatran|384\/385|[from] item: Leftovers
|-damage|p1a: Toxapex|263\/303 brn|[from] brn
|upkeep
|turn|98
|choice|move toxicspikes|move magmastorm
|
|move|p2a: Heatran|Magma Storm|p1a: Toxapex
|-resisted|p1a: Toxapex
|-damage|p1a: Toxapex|219\/303 brn
|-activate|p1a: Toxapex|move: Magma Storm|[of] p2a: Heatran
|move|p1a: Toxapex|Toxic Spikes|p2a: Heatran
|-sidestart|p2: 100 rires***|move: Toxic Spikes
|
|-heal|p2a: Heatran|385\/385|[from] item: Leftovers
|-damage|p1a: Toxapex|201\/303 brn|[from] brn
|-damage|p1a: Toxapex|164\/303 brn|[from] move: Magma Storm|[partiallytrapped]
|upkeep
|turn|99
|choice|move recover|move earthpower
|
|move|p2a: Heatran|Earth Power|p1a: Toxapex
|-supereffective|p1a: Toxapex
|-damage|p1a: Toxapex|52\/303 brn
|move|p1a: Toxapex|Recover|p1a: Toxapex
|-heal|p1a: Toxapex|204\/303 brn
|
|-damage|p1a: Toxapex|186\/303 brn|[from] brn
|-damage|p1a: Toxapex|149\/303 brn|[from] move: Magma Storm|[partiallytrapped]
|upkeep
|turn|100
|choice|move recover|move earthpower
|
|move|p2a: Heatran|Earth Power|p1a: Toxapex
|-supereffective|p1a: Toxapex
|-damage|p1a: Toxapex|45\/303 brn
|move|p1a: Toxapex|Recover|p1a: Toxapex
|-heal|p1a: Toxapex|197\/303 brn
|
|-damage|p1a: Toxapex|179\/303 brn|[from] brn
|-damage|p1a: Toxapex|142\/303 brn|[from] move: Magma Storm|[partiallytrapped]
|upkeep
|turn|101
|choice|move recover|move earthpower
|
|move|p2a: Heatran|Earth Power|p1a: Toxapex
|-supereffective|p1a: Toxapex
|-damage|p1a: Toxapex|22\/303 brn
|move|p1a: Toxapex|Recover|p1a: Toxapex
|-heal|p1a: Toxapex|174\/303 brn
|
|-damage|p1a: Toxapex|156\/303 brn|[from] brn
|-damage|p1a: Toxapex|119\/303 brn|[from] move: Magma Storm|[partiallytrapped]
|upkeep
|turn|102
|choice|move recover|move earthpower
|
|move|p2a: Heatran|Earth Power|p1a: Toxapex
|-supereffective|p1a: Toxapex
|-damage|p1a: Toxapex|3\/303 brn
|move|p1a: Toxapex|Recover|p1a: Toxapex
|-heal|p1a: Toxapex|155\/303 brn
|
|-damage|p1a: Toxapex|137\/303 brn|[from] brn
|-end|p1a: Toxapex|Magma Storm|[partiallytrapped]
|upkeep
|turn|103
|choice|switch 2|move magmastorm
|
|switch|p1a: Mew|Mew|299\/403 tox
|move|p2a: Heatran|Magma Storm|p1a: Mew
|-damage|p1a: Mew|145\/403 tox
|-activate|p1a: Mew|move: Magma Storm|[of] p2a: Heatran
|
|-heal|p1a: Mew|170\/403 tox|[from] item: Leftovers
|-damage|p1a: Mew|145\/403 tox|[from] psn
|-damage|p1a: Mew|95\/403 tox|[from] move: Magma Storm|[partiallytrapped]
|upkeep
|turn|104
|choice|move roost|switch 5
|
|switch|p2a: Zapdos|Zapdos|360\/383 brn
|-ability|p2a: Zapdos|Pressure
|move|p1a: Mew|Roost|p1a: Mew
|-heal|p1a: Mew|297\/403 tox
|
|-heal|p1a: Mew|322\/403 tox|[from] item: Leftovers
|-heal|p2a: Zapdos|383\/383 brn|[from] item: Leftovers
|-damage|p1a: Mew|272\/403 tox|[from] psn
|-damage|p2a: Zapdos|360\/383 brn|[from] brn
|upkeep
|turn|105
|choice|switch 4|move discharge
|
|switch|p1a: Tapu Koko|Tapu Koko|230\/281 tox
|-fieldstart|move: Electric Terrain|[from] ability: Electric Surge|[of] p1a: Tapu Koko
|move|p2a: Zapdos|Discharge|p1a: Tapu Koko
|-resisted|p1a: Tapu Koko
|-damage|p1a: Tapu Koko|164\/281 tox
|
|-heal|p2a: Zapdos|383\/383 brn|[from] item: Leftovers
|-damage|p1a: Tapu Koko|147\/281 tox|[from] psn
|-damage|p2a: Zapdos|360\/383 brn|[from] brn
|upkeep
|turn|106
|l|100 rires***
|player|p2|
|inactive|Battle timer is ON: inactive players will automatically lose when time's up. (requested by LT42A NJNP)
|l|blunderr
|l|hurryupcucks
|j|100 rires***
|inactive|LT42A NJNP reconnected.
|inactive|100 rires*** reconnected and has 150 seconds left.
|player|p2|100 rires***|#zinnia
|choice|move wildcharge zmove|switch 2
|
|switch|p2a: Greninja|Greninja, M|285\/285
|-status|p2a: Greninja|psn
|-zpower|p1a: Tapu Koko
|move|p1a: Tapu Koko|Gigavolt Havoc|p2a: Greninja|[zeffect]
|-supereffective|p2a: Greninja
|-damage|p2a: Greninja|0 fnt
|faint|p2a: Greninja
|
|-damage|p1a: Tapu Koko|113\/281 tox|[from] psn
|upkeep
|choice||switch 5
|
|switch|p2a: Heatran|Heatran, M|385\/385
|turn|107
|choice|move uturn|move magmastorm
|
|move|p1a: Tapu Koko|U-turn|p2a: Heatran
|-resisted|p2a: Heatran
|-damage|p2a: Heatran|367\/385
|choice|switch 4|
|
|switch|p1a: Mew|Mew|272\/403 tox
|move|p2a: Heatran|Magma Storm|p1a: Mew|[miss]
|-miss|p2a: Heatran|p1a: Mew
|
|-heal|p1a: Mew|297\/403 tox|[from] item: Leftovers
|-heal|p2a: Heatran|385\/385|[from] item: Leftovers
|-damage|p1a: Mew|272\/403 tox|[from] psn
|upkeep
|turn|108
|choice|move roost|switch 2
|
|switch|p2a: Zapdos|Zapdos|360\/383 brn
|-ability|p2a: Zapdos|Pressure
|move|p1a: Mew|Roost|p1a: Mew
|-heal|p1a: Mew|403\/403 tox
|
|-heal|p2a: Zapdos|383\/383 brn|[from] item: Leftovers
|-damage|p1a: Mew|353\/403 tox|[from] psn
|-damage|p2a: Zapdos|360\/383 brn|[from] brn
|upkeep
|turn|109
|j|vibx
|choice|switch 4|move defog
|
|switch|p1a: Tapu Koko|Tapu Koko|113\/281 tox
|move|p2a: Zapdos|Defog|p1a: Tapu Koko
|-unboost|p1a: Tapu Koko|evasion|1
|-sideend|p2: 100 rires***|Toxic Spikes|[from] move: Defog|[of] p2a: Zapdos
|
|-heal|p2a: Zapdos|383\/383 brn|[from] item: Leftovers
|-damage|p1a: Tapu Koko|96\/281 tox|[from] psn
|-damage|p2a: Zapdos|360\/383 brn|[from] brn
|-fieldend|move: Electric Terrain
|upkeep
|turn|110
|choice|move roost|move discharge
|
|move|p1a: Tapu Koko|Roost|p1a: Tapu Koko
|-heal|p1a: Tapu Koko|237\/281 tox
|move|p2a: Zapdos|Discharge|p1a: Tapu Koko
|-resisted|p1a: Tapu Koko
|-damage|p1a: Tapu Koko|171\/281 tox
|
|-heal|p2a: Zapdos|383\/383 brn|[from] item: Leftovers
|-damage|p1a: Tapu Koko|137\/281 tox|[from] psn
|-damage|p2a: Zapdos|360\/383 brn|[from] brn
|upkeep
|turn|111
|choice|switch 4|move toxic
|
|switch|p1a: Mew|Mew|353\/403 tox
|move|p2a: Zapdos|Toxic|p1a: Mew
|-fail|p1a: Mew|tox
|
|-heal|p1a: Mew|378\/403 tox|[from] item: Leftovers
|-heal|p2a: Zapdos|383\/383 brn|[from] item: Leftovers
|-damage|p1a: Mew|353\/403 tox|[from] psn
|-damage|p2a: Zapdos|360\/383 brn|[from] brn
|upkeep
|turn|112
|choice|switch 3|move discharge
|
|switch|p1a: Landorus|Landorus-Therian, M|280\/319
|-ability|p1a: Landorus|Intimidate|boost
|-unboost|p2a: Zapdos|atk|1
|move|p2a: Zapdos|Discharge|p1a: Landorus
|-immune|p1a: Landorus|[msg]
|
|-heal|p2a: Zapdos|383\/383 brn|[from] item: Leftovers
|-damage|p2a: Zapdos|360\/383 brn|[from] brn
|upkeep
|turn|113
|choice|move uturn|switch 4
|
|switch|p2a: Tangrowth|Tangrowth, F|404\/404
|move|p1a: Landorus|U-turn|p2a: Tangrowth
|-supereffective|p2a: Tangrowth
|-damage|p2a: Tangrowth|260\/404
|choice|switch 5|
|
|switch|p1a: Scizor|Scizor-Mega, M|111\/343
|
|upkeep
|turn|114
|choice|move uturn|switch 2
|
|switch|p2a: Heatran|Heatran, M|385\/385
|move|p1a: Scizor|U-turn|p2a: Heatran
|-resisted|p2a: Heatran
|-damage|p2a: Heatran|359\/385
|choice|switch 5|
|
|switch|p1a: Landorus|Landorus-Therian, M|280\/319
|-ability|p1a: Landorus|Intimidate|boost
|-unboost|p2a: Heatran|atk|1
|
|-heal|p2a: Heatran|383\/385|[from] item: Leftovers
|upkeep
|turn|115
|choice|move uturn|switch 2
|
|switch|p2a: Tangrowth|Tangrowth, F|394\/404
|move|p1a: Landorus|U-turn|p2a: Tangrowth
|-supereffective|p2a: Tangrowth
|-damage|p2a: Tangrowth|256\/404
|choice|switch 5|
|
|switch|p1a: Scizor|Scizor-Mega, M|111\/343
|
|upkeep
|turn|116
|choice|move uturn|switch 2
|
|switch|p2a: Heatran|Heatran, M|383\/385
|move|p1a: Scizor|U-turn|p2a: Heatran
|-resisted|p2a: Heatran
|-damage|p2a: Heatran|356\/385
|choice|switch 5|
|
|switch|p1a: Landorus|Landorus-Therian, M|280\/319
|-ability|p1a: Landorus|Intimidate|boost
|-unboost|p2a: Heatran|atk|1
|
|-heal|p2a: Heatran|380\/385|[from] item: Leftovers
|upkeep
|turn|117
|choice|move uturn|switch 2
|
|switch|p2a: Tangrowth|Tangrowth, F|390\/404
|move|p1a: Landorus|U-turn|p2a: Tangrowth
|-supereffective|p2a: Tangrowth
|-damage|p2a: Tangrowth|250\/404
|choice|switch 2|
|
|switch|p1a: Toxapex|Toxapex, F|238\/303 brn
|
|-damage|p1a: Toxapex|220\/303 brn|[from] brn
|upkeep
|turn|118
|choice|move toxicspikes|switch 4
|
|switch|p2a: Zapdos|Zapdos|360\/383 brn
|-ability|p2a: Zapdos|Pressure
|move|p1a: Toxapex|Toxic Spikes|p2a: Zapdos
|-sidestart|p2: 100 rires***|move: Toxic Spikes
|
|-heal|p2a: Zapdos|383\/383 brn|[from] item: Leftovers
|-damage|p2a: Zapdos|360\/383 brn|[from] brn
|-damage|p1a: Toxapex|202\/303 brn|[from] brn
|upkeep
|turn|119
|choice|switch 4|move defog
|
|switch|p1a: Tapu Koko|Tapu Koko|137\/281 tox
|-fieldstart|move: Electric Terrain|[from] ability: Electric Surge|[of] p1a: Tapu Koko
|move|p2a: Zapdos|Defog|p1a: Tapu Koko
|-unboost|p1a: Tapu Koko|evasion|1
|-sideend|p2: 100 rires***|Toxic Spikes|[from] move: Defog|[of] p2a: Zapdos
|
|-heal|p2a: Zapdos|383\/383 brn|[from] item: Leftovers
|-damage|p1a: Tapu Koko|120\/281 tox|[from] psn
|-damage|p2a: Zapdos|360\/383 brn|[from] brn
|upkeep
|turn|120
|choice|move roost|move discharge
|
|move|p1a: Tapu Koko|Roost|p1a: Tapu Koko
|-heal|p1a: Tapu Koko|261\/281 tox
|move|p2a: Zapdos|Discharge|p1a: Tapu Koko
|-resisted|p1a: Tapu Koko
|-damage|p1a: Tapu Koko|194\/281 tox
|
|-heal|p2a: Zapdos|383\/383 brn|[from] item: Leftovers
|-damage|p1a: Tapu Koko|160\/281 tox|[from] psn
|-damage|p2a: Zapdos|360\/383 brn|[from] brn
|upkeep
|turn|121
|l|LT42A chunder
|choice|move uturn|move discharge
|
|move|p1a: Tapu Koko|U-turn|p2a: Zapdos
|-resisted|p2a: Zapdos
|-damage|p2a: Zapdos|315\/383 brn
|choice|switch 3|
|
|switch|p1a: Mew|Mew|353\/403 tox
|move|p2a: Zapdos|Discharge|p1a: Mew
|-damage|p1a: Mew|242\/403 tox
|
|-heal|p1a: Mew|267\/403 tox|[from] item: Leftovers
|-heal|p2a: Zapdos|338\/383 brn|[from] item: Leftovers
|-damage|p1a: Mew|242\/403 tox|[from] psn
|-damage|p2a: Zapdos|315\/383 brn|[from] brn
|upkeep
|turn|122
|j|LT42b hayburner
|choice|move stealthrock|move discharge
|
|move|p1a: Mew|Stealth Rock|p2a: Zapdos
|-sidestart|p2: 100 rires***|move: Stealth Rock
|move|p2a: Zapdos|Discharge|p1a: Mew
|-damage|p1a: Mew|133\/403 tox
|
|-heal|p1a: Mew|158\/403 tox|[from] item: Leftovers
|-heal|p2a: Zapdos|338\/383 brn|[from] item: Leftovers
|-damage|p1a: Mew|108\/403 tox|[from] psn
|-damage|p2a: Zapdos|315\/383 brn|[from] brn
|upkeep
|turn|123
|choice|move roost|move defog
|
|move|p1a: Mew|Roost|p1a: Mew
|-heal|p1a: Mew|310\/403 tox
|move|p2a: Zapdos|Defog|p1a: Mew
|-unboost|p1a: Mew|evasion|1
|-sideend|p2: 100 rires***|Stealth Rock|[from] move: Defog|[of] p2a: Zapdos
|
|-heal|p1a: Mew|335\/403 tox|[from] item: Leftovers
|-heal|p2a: Zapdos|338\/383 brn|[from] item: Leftovers
|-damage|p1a: Mew|260\/403 tox|[from] psn
|-damage|p2a: Zapdos|315\/383 brn|[from] brn
|-fieldend|move: Electric Terrain
|upkeep
|turn|124
|l|LT42b hayburner
|choice|switch 3|move discharge
|
|switch|p1a: Tapu Koko|Tapu Koko|160\/281 tox
|-fieldstart|move: Electric Terrain|[from] ability: Electric Surge|[of] p1a: Tapu Koko
|move|p2a: Zapdos|Discharge|p1a: Tapu Koko
|-resisted|p1a: Tapu Koko
|-damage|p1a: Tapu Koko|84\/281 tox
|
|-heal|p2a: Zapdos|338\/383 brn|[from] item: Leftovers
|-damage|p1a: Tapu Koko|67\/281 tox|[from] psn
|-damage|p2a: Zapdos|315\/383 brn|[from] brn
|upkeep
|turn|125
|choice|move roost|switch 2
|
|switch|p2a: Heatran|Heatran, M|380\/385
|move|p1a: Tapu Koko|Roost|p1a: Tapu Koko
|-heal|p1a: Tapu Koko|208\/281 tox
|
|-heal|p2a: Heatran|385\/385|[from] item: Leftovers
|-damage|p1a: Tapu Koko|174\/281 tox|[from] psn
|upkeep
|turn|126
|l|Fly's Alt
|choice|move uturn|move magmastorm
|
|move|p1a: Tapu Koko|U-turn|p2a: Heatran
|-resisted|p2a: Heatran
|-damage|p2a: Heatran|368\/385
|choice|switch 3|
|
|switch|p1a: Mew|Mew|260\/403 tox
|move|p2a: Heatran|Magma Storm|p1a: Mew
|-damage|p1a: Mew|115\/403 tox
|-activate|p1a: Mew|move: Magma Storm|[of] p2a: Heatran
|
|-heal|p1a: Mew|140\/403 tox|[from] item: Leftovers
|-heal|p2a: Heatran|385\/385|[from] item: Leftovers
|-damage|p1a: Mew|115\/403 tox|[from] psn
|-damage|p1a: Mew|65\/403 tox|[from] move: Magma Storm|[partiallytrapped]
|upkeep
|turn|127
|choice|move roost|move earthpower
|
|move|p1a: Mew|Roost|p1a: Mew
|-heal|p1a: Mew|267\/403 tox
|move|p2a: Heatran|Earth Power|p1a: Mew
|-damage|p1a: Mew|178\/403 tox
|
|-heal|p1a: Mew|203\/403 tox|[from] item: Leftovers
|-damage|p1a: Mew|153\/403 tox|[from] psn
|-damage|p1a: Mew|103\/403 tox|[from] move: Magma Storm|[partiallytrapped]
|upkeep
|turn|128
|choice|move roost|move earthpower
|
|move|p1a: Mew|Roost|p1a: Mew
|-heal|p1a: Mew|305\/403 tox
|move|p2a: Heatran|Earth Power|p1a: Mew
|-damage|p1a: Mew|216\/403 tox
|
|-heal|p1a: Mew|241\/403 tox|[from] item: Leftovers
|-damage|p1a: Mew|166\/403 tox|[from] psn
|-damage|p1a: Mew|116\/403 tox|[from] move: Magma Storm|[partiallytrapped]
|-fieldend|move: Electric Terrain
|upkeep
|turn|129
|choice|move roost|move earthpower
|
|move|p1a: Mew|Roost|p1a: Mew
|-heal|p1a: Mew|318\/403 tox
|move|p2a: Heatran|Earth Power|p1a: Mew
|-damage|p1a: Mew|231\/403 tox
|
|-heal|p1a: Mew|256\/403 tox|[from] item: Leftovers
|-damage|p1a: Mew|156\/403 tox|[from] psn
|-damage|p1a: Mew|106\/403 tox|[from] move: Magma Storm|[partiallytrapped]
|upkeep
|turn|130
|choice|move earthquake|move earthpower
|
|move|p1a: Mew|Earthquake|p2a: Heatran
|-supereffective|p2a: Heatran
|-damage|p2a: Heatran|69\/385
|move|p2a: Heatran|Earth Power|p1a: Mew
|-damage|p1a: Mew|23\/403 tox
|
|-heal|p1a: Mew|48\/403 tox|[from] item: Leftovers
|-heal|p2a: Heatran|93\/385|[from] item: Leftovers
|-damage|p1a: Mew|0 fnt|[from] psn
|upkeep
|faint|p1a: Mew
|j|LT42R Ayoukoo
|choice|switch 4|
|
|switch|p1a: Toxapex|Toxapex, F|303\/303 brn
|turn|131
|choice|move toxicspikes|switch 2
|
|switch|p2a: Zapdos|Zapdos|315\/383 brn
|-ability|p2a: Zapdos|Pressure
|move|p1a: Toxapex|Toxic Spikes|p2a: Zapdos
|-sidestart|p2: 100 rires***|move: Toxic Spikes
|
|-heal|p2a: Zapdos|338\/383 brn|[from] item: Leftovers
|-damage|p2a: Zapdos|315\/383 brn|[from] brn
|-damage|p1a: Toxapex|285\/303 brn|[from] brn
|upkeep
|turn|132
|choice|switch 3|move defog
|
|switch|p1a: Tapu Koko|Tapu Koko|174\/281 tox
|-fieldstart|move: Electric Terrain|[from] ability: Electric Surge|[of] p1a: Tapu Koko
|move|p2a: Zapdos|Defog|p1a: Tapu Koko
|-unboost|p1a: Tapu Koko|evasion|1
|-sideend|p2: 100 rires***|Toxic Spikes|[from] move: Defog|[of] p2a: Zapdos
|
|-heal|p2a: Zapdos|338\/383 brn|[from] item: Leftovers
|-damage|p1a: Tapu Koko|157\/281 tox|[from] psn
|-damage|p2a: Zapdos|315\/383 brn|[from] brn
|upkeep
|turn|133
|choice|move roost|switch 4
|
|switch|p2a: Tangrowth|Tangrowth, F|384\/404
|move|p1a: Tapu Koko|Roost|p1a: Tapu Koko
|-heal|p1a: Tapu Koko|281\/281 tox
|
|-damage|p1a: Tapu Koko|247\/281 tox|[from] psn
|upkeep
|turn|134
|choice|move uturn|move earthquake
|
|move|p1a: Tapu Koko|U-turn|p2a: Tangrowth
|-supereffective|p2a: Tangrowth
|-damage|p2a: Tangrowth|264\/404
|choice|switch 3|
|
|switch|p1a: Toxapex|Toxapex, F|303\/303 brn
|move|p2a: Tangrowth|Earthquake|p1a: Toxapex
|-supereffective|p1a: Toxapex
|-damage|p1a: Toxapex|211\/303 brn
|
|-damage|p1a: Toxapex|193\/303 brn|[from] brn
|upkeep
|turn|135
|c| LT42R Ayoukoo|go njnp
|choice|move toxicspikes|switch 4
|
|switch|p2a: Zapdos|Zapdos|315\/383 brn
|-ability|p2a: Zapdos|Pressure
|move|p1a: Toxapex|Toxic Spikes|p2a: Zapdos
|-sidestart|p2: 100 rires***|move: Toxic Spikes
|
|-heal|p2a: Zapdos|338\/383 brn|[from] item: Leftovers
|-damage|p2a: Zapdos|315\/383 brn|[from] brn
|-damage|p1a: Toxapex|175\/303 brn|[from] brn
|upkeep
|turn|136
|choice|switch 3|move defog
|
|switch|p1a: Tapu Koko|Tapu Koko|247\/281 tox
|move|p2a: Zapdos|Defog|p1a: Tapu Koko
|-unboost|p1a: Tapu Koko|evasion|1
|-sideend|p2: 100 rires***|Toxic Spikes|[from] move: Defog|[of] p2a: Zapdos
|
|-heal|p2a: Zapdos|338\/383 brn|[from] item: Leftovers
|-damage|p1a: Tapu Koko|230\/281 tox|[from] psn
|-damage|p2a: Zapdos|315\/383 brn|[from] brn
|-fieldend|move: Electric Terrain
|upkeep
|turn|137
|choice|move taunt|switch 4
|
|switch|p2a: Tangrowth|Tangrowth, F|398\/404
|move|p1a: Tapu Koko|Taunt|p2a: Tangrowth
|-start|p2a: Tangrowth|move: Taunt
|
|-damage|p1a: Tapu Koko|196\/281 tox|[from] psn
|upkeep
|turn|138
|choice|move uturn|move earthquake
|
|move|p1a: Tapu Koko|U-turn|p2a: Tangrowth
|-supereffective|p2a: Tangrowth
|-crit|p2a: Tangrowth
|-damage|p2a: Tangrowth|210\/404
|choice|switch 5|
|
|switch|p1a: Scizor|Scizor-Mega, M|111\/343
|move|p2a: Tangrowth|Earthquake|p1a: Scizor
|-damage|p1a: Scizor|68\/343
|
|upkeep
|turn|139
|choice|move uturn|switch 2
|
|switch|p2a: Heatran|Heatran, M|93\/385
|move|p1a: Scizor|U-turn|p2a: Heatran
|-resisted|p2a: Heatran
|-damage|p2a: Heatran|66\/385
|choice|switch 3|
|
|switch|p1a: Toxapex|Toxapex, F|276\/303 brn
|
|-heal|p2a: Heatran|90\/385|[from] item: Leftovers
|-damage|p1a: Toxapex|258\/303 brn|[from] brn
|upkeep
|turn|140
|choice|move scald|switch 4
|
|switch|p2a: Zapdos|Zapdos|315\/383 brn
|-ability|p2a: Zapdos|Pressure
|move|p1a: Toxapex|Scald|p2a: Zapdos
|-crit|p2a: Zapdos
|-damage|p2a: Zapdos|246\/383 brn
|
|-heal|p2a: Zapdos|269\/383 brn|[from] item: Leftovers
|-damage|p2a: Zapdos|246\/383 brn|[from] brn
|-damage|p1a: Toxapex|240\/303 brn|[from] brn
|upkeep
|turn|141
|choice|move scald|move roost
|
|move|p2a: Zapdos|Roost|p2a: Zapdos
|-heal|p2a: Zapdos|383\/383 brn
|move|p1a: Toxapex|Scald|p2a: Zapdos
|-damage|p2a: Zapdos|335\/383 brn
|
|-heal|p2a: Zapdos|358\/383 brn|[from] item: Leftovers
|-damage|p2a: Zapdos|335\/383 brn|[from] brn
|-damage|p1a: Toxapex|222\/303 brn|[from] brn
|upkeep
|turn|142
|choice|switch 5|move discharge
|
|switch|p1a: Tapu Koko|Tapu Koko|196\/281 tox
|-fieldstart|move: Electric Terrain|[from] ability: Electric Surge|[of] p1a: Tapu Koko
|move|p2a: Zapdos|Discharge|p1a: Tapu Koko
|-resisted|p1a: Tapu Koko
|-damage|p1a: Tapu Koko|130\/281 tox
|
|-heal|p2a: Zapdos|358\/383 brn|[from] item: Leftovers
|-damage|p1a: Tapu Koko|113\/281 tox|[from] psn
|-damage|p2a: Zapdos|335\/383 brn|[from] brn
|upkeep
|turn|143
|choice|move roost|switch 2
|
|switch|p2a: Tangrowth|Tangrowth, F|344\/404
|move|p1a: Tapu Koko|Roost|p1a: Tapu Koko
|-heal|p1a: Tapu Koko|254\/281 tox
|
|-damage|p1a: Tapu Koko|220\/281 tox|[from] psn
|upkeep
|turn|144
|j|The Cheesen One
|choice|move uturn|move earthquake
|
|move|p1a: Tapu Koko|U-turn|p2a: Tangrowth
|-supereffective|p2a: Tangrowth
|-crit|p2a: Tangrowth
|-damage|p2a: Tangrowth|160\/404
|choice|switch 2|
|
|switch|p1a: Landorus|Landorus-Therian, M|280\/319
|-ability|p1a: Landorus|Intimidate|boost
|-unboost|p2a: Tangrowth|atk|1
|move|p2a: Tangrowth|Earthquake|p1a: Landorus
|-immune|p1a: Landorus|[msg]
|
|upkeep
|turn|145
|l|vibx
|choice|move stoneedge|move hiddenpower
|
|move|p1a: Landorus|Stone Edge|p2a: Tangrowth
|-damage|p2a: Tangrowth|50\/404
|move|p2a: Tangrowth|Hidden Power|p1a: Landorus
|-supereffective|p1a: Landorus
|-damage|p1a: Landorus|48\/319
|
|upkeep
|turn|146
|l|Kleinstein1003
|inactive|100 rires*** has 120 seconds left.
|choice|move stoneedge|switch 4
|
|switch|p2a: Heatran|Heatran, M|90\/385
|move|p1a: Landorus|Stone Edge|p2a: Heatran
|-damage|p2a: Heatran|0 fnt
|faint|p2a: Heatran
|
|-fieldend|move: Electric Terrain
|upkeep
|choice||switch 4
|
|switch|p2a: Tangrowth|Tangrowth, F|184\/404
|turn|147
|-message|100 rires*** forfeited.
|
|win|LT42A NJNP
|l|100 rires***
|l|LT42A Ricardo
|raw|LT42A NJNP's rating: 1927 &rarr; <strong>1950<\/strong><br \/>(+23 for winning)
|raw|100 rires***'s rating: 1982 &rarr; <strong>1958<\/strong><br \/>(-24 for losing)
|l|Zamrock
|l|The Cheesen One
|j|LT42A Ricardo
|l|LT42A NJNP
|l|LT42A Ricardo
|l|LT42A cc
|l|LT42A Phrog
|j|Sunnychoupi
|l|Sunnychoupi
|j|eastnovel</script>
</div>
<div class="battle-log battle-log-inline"><div class="inner"><div class="battle-options"></div><div class="inner"><div class="chat"><small>LT42A NJNP joined.</small></div><div class="chat"><small>100 rires*** joined.</small></div><div class=""><small>Format:</small> <br><strong>[Gen 7] OU</strong></div><div class="rated"><strong>Rated battle</strong></div><div class=""><small><em>Sleep Clause Mod:</em> Limit one foe put to sleep</small></div><div class=""><small><em>Species Clause:</em> Limit one of each Pokémon</small></div><div class=""><small><em>OHKO Clause:</em> OHKO moves are banned</small></div><div class=""><small><em>Moody Clause:</em> Moody is banned</small></div><div class=""><small><em>Evasion Moves Clause:</em> Evasion moves are banned</small></div><div class=""><small><em>Endless Battle Clause:</em> Forcing endless battles is banned</small></div><div class=""><small><em>HP Percentage Mod:</em> HP is shown in percentages</small></div><div class="chat battle-history"><strong>LT42A NJNP's team:</strong> <em style="color:#445566;display:block;">Kyurem-Black / Tapu Koko / Mew / Scizor / Toxapex / Landorus-Therian</em></div><div class="chat battle-history"><strong>100 rires***'s team:</strong> <em style="color:#445566;display:block;">Scizor / Greninja / Dugtrio / Zapdos / Heatran / Tangrowth</em></div><div class="chat"><small>LT42A Ricardo joined.</small></div><div class="chat"><small>Matheus RW joined.</small></div><div class="chat"><small>reymaki joined.</small></div><div class="chat"><small>ez joined.</small></div><div class="chat"><small>Irapeyoueveryday joined.</small></div><div class="chat"><small>LT42A Phrog joined.</small></div><div class="spacer battle-history"><br></div><div class="battle-history">Battle started between LT42A NJNP and 100 rires***!<br></div><div class="spacer battle-history"><br></div><div class="battle-history">Go! Kyurem (<strong>Kyurem-Black</strong>)!<br></div><div class="spacer battle-history"><br></div><div class="battle-history">100 rires<strong>* sent out **Zapdos</strong>!<br></div><div class="battle-history"><small>[Kyurem's Teravolt]</small><br><small>Kyurem is radiating a bursting aura!</small><br></div><div class="battle-history"><small>[The opposing Zapdos's Pressure]</small><br><small>The opposing Zapdos is exerting its pressure!</small><br></div><div class="spacer battle-history"><br></div><h2 class="battle-history">Turn 1</h2><div class="chat"><small>Kleinstein1003 joined.</small></div><div class="spacer battle-history"><br></div><div class="battle-history">100 rires*** withdrew Zapdos!<br></div><div class="battle-history">100 rires<strong>* sent out **Heatran</strong>!<br></div><div class="spacer battle-history"><br></div><div class="battle-history">Kyurem used <strong>Hidden Power</strong>!<br></div><div class="battle-history"><small>(The opposing Heatran lost <abbr title="−72/385">18.7%</abbr> of its health!)</small><br></div><div class="spacer battle-history"><br></div><div class="battle-history"><small>The opposing Heatran restored a little HP using its Leftovers!</small><br></div><div class="spacer battle-history"><br></div><h2 class="battle-history">Turn 2</h2><div class="chat"><small>sorry?!?! joined.</small></div><div class="spacer battle-history"><br></div><div class="battle-history">Kyurem, come back!<br></div><div class="battle-history">Go! <strong>Toxapex</strong>!<br></div><div class="spacer battle-history"><br></div><div class="battle-history">The opposing Heatran used <strong>Stealth Rock</strong>!<br></div><div class="battle-history"><small>Pointed stones float in the air around your team!</small><br></div><div class="spacer battle-history"><br></div><div class="battle-history"><small>The opposing Heatran restored a little HP using its Leftovers!</small><br></div><div class="spacer battle-history"><br></div><h2 class="battle-history">Turn 3</h2><div class="chat"><small>LT42A cc joined.</small></div><div class="spacer battle-history"><br></div><div class="battle-history">The opposing Heatran used <strong>Magma Storm</strong>!<br></div><div class="battle-history"><small>It's not very effective...</small><br></div><div class="battle-history"><small>(Toxapex lost <abbr title="−46/303">15.2%</abbr> of its health!)</small><br></div><div class="battle-history"><small>Toxapex became trapped by swirling magma!</small><br></div><div class="spacer battle-history"><br></div><div class="battle-history">Toxapex used <strong>Toxic Spikes</strong>!<br></div><div class="battle-history"><small>Poison spikes were scattered on the ground all around the opposing team!</small><br></div><div class="spacer battle-history"><br></div><div class="battle-history"><small>The opposing Heatran restored a little HP using its Leftovers!</small><br></div><div class="battle-history"><small>Toxapex is hurt by Magma Storm!</small><br></div><div class="spacer battle-history"><br></div><h2 class="battle-history">Turn 4</h2><div class="spacer battle-history"><br></div><div class="battle-history">The opposing Heatran used <strong>Will-O-Wisp</strong>!<br></div><div class="battle-history"><small>Toxapex was burned!</small><br></div><div class="spacer battle-history"><br></div><div class="battle-history">Toxapex used <strong>Recover</strong>!<br></div><div class="battle-history"><small>Toxapex restored its HP.</small><br></div><div class="spacer battle-history"><br></div><div class="battle-history"><small>Toxapex was hurt by its burn!</small><br></div><div class="battle-history"><small>Toxapex is hurt by Magma Storm!</small><br></div><div class="spacer battle-history"><br></div><h2 class="battle-history">Turn 5</h2><div class="spacer battle-history"><br></div><div class="battle-history">The opposing Heatran used <strong>Magma Storm</strong>!<br></div><div class="battle-history"><small>It's not very effective...</small><br></div><div class="battle-history"><small>(Toxapex lost <abbr title="−46/303">15.2%</abbr> of its health!)</small><br></div><div class="spacer battle-history"><br></div><div class="battle-history">Toxapex used <strong>Scald</strong>!<br></div><div class="battle-history"><small>It's super effective!</small><br></div><div class="battle-history"><small>(The opposing Heatran lost <abbr title="−86/385">22.3%</abbr> of its health!)</small><br></div><div class="spacer battle-history"><br></div><div class="battle-history"><small>The opposing Heatran restored a little HP using its Leftovers!</small><br></div><div class="battle-history"><small>Toxapex was hurt by its burn!</small><br></div><div class="battle-history"><small>Toxapex is hurt by Magma Storm!</small><br></div><div class="spacer battle-history"><br></div><h2 class="battle-history">Turn 6</h2><div class="spacer battle-history"><br></div><div class="battle-history">Toxapex, come back!<br></div><div class="battle-history">Go! <strong>Mew</strong>!<br></div><div class="battle-history"><small>Pointed stones dug into Mew!</small><br></div><div class="spacer battle-history"><br></div><div class="battle-history">The opposing Heatran used <strong>Earth Power</strong>!<br></div><div class="battle-history"><small>A critical hit!</small><br></div><div class="battle-history"><small>(Mew lost <abbr title="−123/403">30.5%</abbr> of its health!)</small><br></div><div class="spacer battle-history"><br></div><div class="battle-history"><small>Mew restored a little HP using its Leftovers!</small><br></div><div class="battle-history"><small>The opposing Heatran restored a little HP using its Leftovers!</small><br></div><div class="spacer battle-history"><br></div><h2 class="battle-history">Turn 7</h2><div class="chat"><small>ids gzy joined.</small></div><div class="chat"><small>Irapeyoueveryday left.</small></div><div class="spacer battle-history"><br></div><div class="battle-history">100 rires*** withdrew Heatran!<br></div><div class="battle-history">100 rires<strong>* sent out **Zapdos</strong>!<br></div><div class="battle-history"><small>[The opposing Zapdos's Pressure]</small><br><small>The opposing Zapdos is exerting its pressure!</small><br></div><div class="spacer battle-history"><br></div><div class="battle-history">Mew used <strong>Stealth Rock</strong>!<br></div><div class="battle-history"><small>Pointed stones float in the air around the opposing team!</small><br></div><div class="spacer battle-history"><br></div><div class="battle-history"><small>Mew restored a little HP using its Leftovers!</small><br></div><div class="spacer battle-history"><br></div><h2 class="battle-history">Turn 8</h2><div class="spacer battle-history"><br></div><div class="battle-history">Mew used <strong>Roost</strong>!<br></div><div class="battle-history"><small>Mew restored its HP.</small><br></div><div class="spacer battle-history"><br></div><div class="battle-history">The opposing Zapdos used <strong>Defog</strong>!<br></div><div class="battle-history"><small>Mew's evasiveness fell!</small><br></div><div class="battle-history"><small>The pointed stones disappeared from around your team!</small><br></div><div class="battle-history"><small>The poison spikes disappeared from the ground around the opposing team!</small><br></div><div class="battle-history"><small>The pointed stones disappeared from around the opposing team!</small><br></div><div class="spacer battle-history"><br></div><h2 class="battle-history">Turn 9</h2><div class="spacer battle-history"><br></div><div class="battle-history">Mew used <strong>Stealth Rock</strong>!<br></div><div class="battle-history"><small>Pointed stones float in the air around the opposing team!</small><br></div><div class="spacer battle-history"><br></div><div class="battle-history">The opposing Zapdos used <strong>Discharge</strong>!<br></div><div class="battle-history"><small>(Mew lost <abbr title="−109/403">27.0%</abbr> of its health!)</small><br></div><div class="spacer battle-history"><br></div><div class="battle-history"><small>Mew restored a little HP using its Leftovers!</small><br></div><div class="spacer battle-history"><br></div><h2 class="battle-history">Turn 10</h2><div class="spacer battle-history"><br></div><div class="battle-history">Mew used <strong>Will-O-Wisp</strong>!<br></div><div class="battle-history"><small>The opposing Zapdos was burned!</small><br></div><div class="spacer battle-history"><br></div><div class="battle-history">The opposing Zapdos used <strong>Defog</strong>!<br></div><div class="battle-history"><small>Mew's evasiveness fell!</small><br></div><div class="battle-history"><small>The pointed stones disappeared from around the opposing team!</small><br></div><div class="spacer battle-history"><br></div><div class="battle-history"><small>Mew restored a little HP using its Leftovers!</small><br></div><div class="battle-history"><small>The opposing Zapdos was hurt by its burn!</small><br></div><div class="spacer battle-history"><br></div><h2 class="battle-history">Turn 11</h2><div class="chat"><small>ez left.</small></div><div class="spacer battle-history"><br></div><div class="battle-history">Mew used <strong>Stealth Rock</strong>!<br></div><div class="battle-history"><small>Pointed stones float in the air around the opposing team!</small><br></div><div class="spacer battle-history"><br></div><div class="battle-history">The opposing Zapdos used <strong>Toxic</strong>!<br></div><div class="battle-history"><small>Mew was badly poisoned!</small><br></div><div class="battle-history"><small>[Mew's Synchronize]</small><br></div><div class="battle-history"><small>But it failed!</small><br></div><div class="spacer battle-history"><br></div><div class="battle-history"><small>Mew restored a little HP using its Leftovers!</small><br></div><div class="battle-history"><small>The opposing Zapdos restored a little HP using its Leftovers!</small><br></div><div class="battle-history"><small>Mew was hurt by poison!</small><br></div><div class="battle-history"><small>The opposing Zapdos was hurt by its burn!</small><br></div><div class="spacer battle-history"><br></div><h2 class="battle-history">Turn 12</h2><div class="spacer battle-history"><br></div><div class="battle-history">Mew, come back!<br></div><div class="battle-history">Go! Kyurem (<strong>Kyurem-Black</strong>)!<br></div><div class="battle-history"><small>[Kyurem's Teravolt]</small><br><small>Kyurem is radiating a bursting aura!</small><br></div><div class="spacer battle-history"><br></div><div class="battle-history">The opposing Zapdos used <strong>Defog</strong>!<br></div><div class="battle-history"><small>Kyurem's evasiveness fell!</small><br></div><div class="battle-history"><small>The pointed stones disappeared from around the opposing team!</small><br></div><div class="spacer battle-history"><br></div><div class="battle-history"><small>The opposing Zapdos restored a little HP using its Leftovers!</small><br></div><div class="battle-history"><small>The opposing Zapdos was hurt by its burn!</small><br></div><div class="spacer battle-history"><br></div><h2 class="battle-history">Turn 13</h2><div class="spacer battle-history"><br></div><div class="battle-history">100 rires*** withdrew Zapdos!<br></div><div class="battle-history">100 rires<strong>* sent out **Scizor</strong>!<br></div><div class="spacer battle-history"><br></div><div class="battle-history">Kyurem used <strong>Hidden Power</strong>!<br></div><div class="battle-history"><small>It's super effective!</small><br></div><div class="battle-history"><small>(The opposing Scizor lost <abbr title="−343/343">100%</abbr> of its health!)</small><br></div><div class="spacer battle-history"><br></div><div class="battle-history">The opposing Scizor fainted!<br></div><div class="spacer battle-history"><br></div><div class="battle-history">100 rires<strong>* sent out **Dugtrio</strong>!<br></div><div class="spacer battle-history"><br></div><h2 class="battle-history">Turn 14</h2><div class="spacer battle-history"><br></div><div class="battle-history">The opposing Dugtrio used <strong>Screech</strong>!<br></div><div class="battle-history"><small>Kyurem's Defense fell harshly!</small><br></div><div class="spacer battle-history"><br></div><div class="battle-history">Kyurem used <strong>Hidden Power</strong>!<br></div><div class="battle-history"><small>(The opposing Dugtrio lost <abbr title="−129/214">60.3%</abbr> of its health!)</small><br></div><div class="spacer battle-history"><br></div><h2 class="battle-history">Turn 15</h2><div class="spacer battle-history"><br></div><div class="battle-history"><small>The opposing Dugtrio surrounded itself with its Z-Power!</small><br></div><div class="spacer battle-history"><br></div><div class="battle-history">The opposing Dugtrio used <strong>Tectonic Rage</strong>!<br></div><div class="battle-history"><small>(Kyurem lost <abbr title="−391/391">100%</abbr> of its health!)</small><br></div><div class="spacer battle-history"><br></div><div class="battle-history">Kyurem fainted!<br></div><div class="spacer battle-history"><br></div><div class="battle-history">Go! Landorus (<strong>Landorus-Therian</strong>)!<br></div><div class="battle-history"><small>[Landorus's Intimidate]</small><br></div><div class="battle-history"><small>The opposing Dugtrio's Attack fell!</small><br></div><div class="spacer battle-history"><br></div><h2 class="battle-history">Turn 16</h2><div class="spacer battle-history"><br></div><div class="battle-history">Landorus used <strong>U-turn</strong>!<br></div><div class="battle-history"><small>(The opposing Dugtrio lost <abbr title="−85/214">39.7%</abbr> of its health!)</small><br></div><div class="spacer battle-history"><br></div><div class="battle-history">The opposing Dugtrio fainted!<br></div><div class="spacer battle-history"><br></div><div class="battle-history">Landorus went back to LT42A NJNP!<br></div><div class="battle-history">Go! <strong>Tapu Koko</strong>!<br></div><div class="battle-history"><small>[Tapu Koko's Electric Surge]</small><br><small>An electric current runs across the battlefield!</small><br></div><div class="spacer battle-history"><br></div><div class="battle-history">100 rires<strong>* sent out **Tangrowth</strong>!<br></div><div class="spacer battle-history"><br></div><h2 class="battle-history">Turn 17</h2><div class="spacer battle-history"><br></div><div class="battle-history">Tapu Koko used <strong>U-turn</strong>!<br></div><div class="battle-history"><small>It's super effective!</small><br></div><div class="battle-history"><small>(The opposing Tangrowth lost <abbr title="−136/404">33.7%</abbr> of its health!)</small><br></div><div class="spacer battle-history"><br></div><div class="battle-history">Tapu Koko went back to LT42A NJNP!<br></div><div class="battle-history">Go! <strong>Scizor</strong>!<br></div><div class="spacer battle-history"><br></div><div class="battle-history">The opposing Tangrowth used <strong>Giga Drain</strong>!<br></div><div class="battle-history"><small>It's not very effective...</small><br></div><div class="battle-history"><small>(Scizor lost <abbr title="−27/343">7.9%</abbr> of its health!)</small><br></div><div class="battle-history"><small>Scizor had its energy drained!</small><br></div><div class="spacer battle-history"><br></div><h2 class="battle-history">Turn 18</h2><div class="spacer battle-history"><br></div><div class="battle-history">100 rires*** withdrew Tangrowth!<br></div><div class="battle-history">100 rires<strong>* sent out **Zapdos</strong>!<br></div><div class="battle-history"><small>[The opposing Zapdos's Pressure]</small><br><small>The opposing Zapdos is exerting its pressure!</small><br></div><div class="spacer battle-history"><br></div><div class="battle-history"><small>Scizor's Scizorite is reacting to the Key Stone!</small><br>Scizor has Mega Evolved into Mega Scizor!<br></div><div class="spacer battle-history"><br></div><div class="battle-history">Scizor used <strong>U-turn</strong>!<br></div><div class="battle-history"><small>It's not very effective...</small><br></div><div class="battle-history"><small>(The opposing Zapdos lost <abbr title="−62/383">16.2%</abbr> of its health!)</small><br></div><div class="spacer battle-history"><br></div><div class="battle-history">Scizor went back to LT42A NJNP!<br></div><div class="battle-history">Go! <strong>Tapu Koko</strong>!<br></div><div class="spacer battle-history"><br></div><div class="battle-history"><small>The opposing Zapdos restored a little HP using its Leftovers!</small><br></div><div class="battle-history"><small>The opposing Zapdos was hurt by its burn!</small><br></div><div class="spacer battle-history"><br></div><h2 class="battle-history">Turn 19</h2><div class="spacer battle-history"><br></div><div class="battle-history">100 rires*** withdrew Zapdos!<br></div><div class="battle-history">100 rires<strong>* sent out **Tangrowth</strong>!<br></div><div class="spacer battle-history"><br></div><div class="battle-history">Tapu Koko used <strong>U-turn</strong>!<br></div><div class="battle-history"><small>It's super effective!</small><br></div><div class="battle-history"><small>(The opposing Tangrowth lost <abbr title="−128/404">31.7%</abbr> of its health!)</small><br></div><div class="spacer battle-history"><br></div><div class="battle-history">Tapu Koko went back to LT42A NJNP!<br></div><div class="battle-history">Go! Scizor (<strong>Scizor-Mega</strong>)!<br></div><div class="spacer battle-history"><br></div><h2 class="battle-history">Turn 20</h2><div class="spacer battle-history"><br></div><div class="battle-history">100 rires*** withdrew Tangrowth!<br></div><div class="battle-history">100 rires<strong>* sent out **Heatran</strong>!<br></div><div class="spacer battle-history"><br></div><div class="battle-history">Scizor used <strong>U-turn</strong>!<br></div><div class="battle-history"><small>It's not very effective...</small><br></div><div class="battle-history"><small>A critical hit!</small><br></div><div class="battle-history"><small>(The opposing Heatran lost <abbr title="−43/385">11.2%</abbr> of its health!)</small><br></div><div class="spacer battle-history"><br></div><div class="battle-history">Scizor went back to LT42A NJNP!<br></div><div class="battle-history">Go! <strong>Tapu Koko</strong>!<br></div><div class="spacer battle-history"><br></div><div class="battle-history"><small>The opposing Heatran restored a little HP using its Leftovers!</small><br></div><div class="battle-history"><small>The electricity disappeared from the battlefield.</small><br></div><div class="spacer battle-history"><br></div><h2 class="battle-history">Turn 21</h2><div class="spacer battle-history"><br></div><div class="battle-history">100 rires*** withdrew Heatran!<br></div><div class="battle-history">100 rires<strong>* sent out **Tangrowth</strong>!<br></div><div class="spacer battle-history"><br></div><div class="battle-history">Tapu Koko used <strong>U-turn</strong>!<br></div><div class="battle-history"><small>It's super effective!</small><br></div><div class="battle-history"><small>(The opposing Tangrowth lost <abbr title="−134/404">33.2%</abbr> of its health!)</small><br></div><div class="spacer battle-history"><br></div><div class="battle-history">Tapu Koko went back to LT42A NJNP!<br></div><div class="battle-history">Go! Scizor (<strong>Scizor-Mega</strong>)!<br></div><div class="spacer battle-history"><br></div><h2 class="battle-history">Turn 22</h2><div class="spacer battle-history"><br></div><div class="battle-history">100 rires*** withdrew Tangrowth!<br></div><div class="battle-history">100 rires<strong>* sent out **Heatran</strong>!<br></div><div class="spacer battle-history"><br></div><div class="battle-history">Scizor used <strong>U-turn</strong>!<br></div><div class="battle-history"><small>It's not very effective...</small><br></div><div class="battle-history"><small>(The opposing Heatran lost <abbr title="−28/385">7.3%</abbr> of its health!)</small><br></div><div class="spacer battle-history"><br></div><div class="battle-history">Scizor went back to LT42A NJNP!<br></div><div class="battle-history">Go! <strong>Tapu Koko</strong>!<br></div><div class="battle-history"><small>[Tapu Koko's Electric Surge]</small><br><small>An electric current runs across the battlefield!</small><br></div><div class="spacer battle-history"><br></div><div class="battle-history"><small>The opposing Heatran restored a little HP using its Leftovers!</small><br></div><div class="spacer battle-history"><br></div><h2 class="battle-history">Turn 23</h2><div class="spacer battle-history"><br></div><div class="battle-history">100 rires*** withdrew Heatran!<br></div><div class="battle-history">100 rires<strong>* sent out **Tangrowth</strong>!<br></div><div class="spacer battle-history"><br></div><div class="battle-history">Tapu Koko used <strong>U-turn</strong>!<br></div><div class="battle-history"><small>It's super effective!</small><br></div><div class="battle-history"><small>(The opposing Tangrowth lost <abbr title="−130/404">32.2%</abbr> of its health!)</small><br></div><div class="spacer battle-history"><br></div><div class="battle-history">Tapu Koko went back to LT42A NJNP!<br></div><div class="battle-history">Go! Scizor (<strong>Scizor-Mega</strong>)!<br></div><div class="spacer battle-history"><br></div><h2 class="battle-history">Turn 24</h2><div class="spacer battle-history"><br></div><div class="battle-history">100 rires*** withdrew Tangrowth!<br></div><div class="battle-history">100 rires<strong>* sent out **Heatran</strong>!<br></div><div class="spacer battle-history"><br></div><div class="battle-history">Scizor used <strong>U-turn</strong>!<br></div><div class="battle-history"><small>It's not very effective...</small><br></div><div class="battle-history"><small>(The opposing Heatran lost <abbr title="−27/385">7.0%</abbr> of its health!)</small><br></div><div class="chat"><small>Noctour9 joined.</small></div><div class="spacer battle-history"><br></div><div class="battle-history">Scizor went back to LT42A NJNP!<br></div><div class="battle-history">Go! Landorus (<strong>Landorus-Therian</strong>)!<br></div><div class="battle-history"><small>[Landorus's Intimidate]</small><br></div><div class="battle-history"><small>The opposing Heatran's Attack fell!</small><br></div><div class="spacer battle-history"><br></div><div class="battle-history"><small>The opposing Heatran restored a little HP using its Leftovers!</small><br></div><div class="spacer battle-history"><br></div><h2 class="battle-history">Turn 25</h2><div class="spacer battle-history"><br></div><div class="battle-history">100 rires*** withdrew Heatran!<br></div><div class="battle-history">100 rires<strong>* sent out **Tangrowth</strong>!<br></div><div class="spacer battle-history"><br></div><div class="battle-history">Landorus used <strong>U-turn</strong>!<br></div><div class="battle-history"><small>It's super effective!</small><br></div><div class="battle-history"><small>(The opposing Tangrowth lost <abbr title="−140/404">34.7%</abbr> of its health!)</small><br></div><div class="spacer battle-history"><br></div><div class="battle-history">Landorus went back to LT42A NJNP!<br></div><div class="battle-history">Go! Scizor (<strong>Scizor-Mega</strong>)!<br></div><div class="spacer battle-history"><br></div><h2 class="battle-history">Turn 26</h2><div class="spacer battle-history"><br></div><div class="battle-history">100 rires*** withdrew Tangrowth!<br></div><div class="battle-history">100 rires<strong>* sent out **Heatran</strong>!<br></div><div class="spacer battle-history"><br></div><div class="battle-history">Scizor used <strong>U-turn</strong>!<br></div><div class="battle-history"><small>It's not very effective...</small><br></div><div class="battle-history"><small>(The opposing Heatran lost <abbr title="−28/385">7.3%</abbr> of its health!)</small><br></div><div class="spacer battle-history"><br></div><div class="battle-history">Scizor went back to LT42A NJNP!<br></div><div class="battle-history">Go! <strong>Tapu Koko</strong>!<br></div><div class="spacer battle-history"><br></div><div class="battle-history"><small>The opposing Heatran restored a little HP using its Leftovers!</small><br></div><div class="battle-history"><small>The electricity disappeared from the battlefield.</small><br></div><div class="spacer battle-history"><br></div><h2 class="battle-history">Turn 27</h2><div class="spacer battle-history"><br></div><div class="battle-history">Tapu Koko used <strong>U-turn</strong>!<br></div><div class="battle-history"><small>It's not very effective...</small><br></div><div class="battle-history"><small>(The opposing Heatran lost <abbr title="−17/385">4.4%</abbr> of its health!)</small><br></div><div class="spacer battle-history"><br></div><div class="battle-history">Tapu Koko went back to LT42A NJNP!<br></div><div class="battle-history">Go! <strong>Toxapex</strong>!<br></div><div class="spacer battle-history"><br></div><div class="battle-history">The opposing Heatran used <strong>Stealth Rock</strong>!<br></div><div class="battle-history"><small>Pointed stones float in the air around your team!</small><br></div><div class="spacer battle-history"><br></div><div class="battle-history"><small>The opposing Heatran restored a little HP using its Leftovers!</small><br></div><div class="battle-history"><small>Toxapex was hurt by its burn!</small><br></div><div class="spacer battle-history"><br></div><h2 class="battle-history">Turn 28</h2><div class="spacer battle-history"><br></div><div class="battle-history">100 rires*** withdrew Heatran!<br></div><div class="battle-history">100 rires<strong>* sent out **Greninja</strong>!<br></div><div class="spacer battle-history"><br></div><div class="battle-history">Toxapex, come back!<br></div><div class="battle-history">Go! <strong>Mew</strong>!<br></div><div class="battle-history"><small>Pointed stones dug into Mew!</small><br></div><div class="spacer battle-history"><br></div><div class="battle-history"><small>Mew restored a little HP using its Leftovers!</small><br></div><div class="battle-history"><small>Mew was hurt by poison!</small><br></div><div class="spacer battle-history"><br></div><h2 class="battle-history">Turn 29</h2><div class="spacer battle-history"><br></div><div class="battle-history">Mew, come back!<br></div><div class="battle-history">Go! <strong>Toxapex</strong>!<br></div><div class="battle-history"><small>Pointed stones dug into Toxapex!</small><br></div><div class="spacer battle-history"><br></div><div class="battle-history">The opposing Greninja used <strong>Dark Pulse</strong>!<br></div><div class="battle-history"><small>(Toxapex lost <abbr title="−118/303">38.9%</abbr> of its health!)</small><br></div><div class="spacer battle-history"><br></div><div class="battle-history"><small>Toxapex was hurt by its burn!</small><br></div><div class="spacer battle-history"><br></div><h2 class="battle-history">Turn 30</h2><div class="spacer battle-history"><br></div><div class="battle-history">Toxapex, come back!<br></div><div class="battle-history">Go! <strong>Tapu Koko</strong>!<br></div><div class="battle-history"><small>Pointed stones dug into Tapu Koko!</small><br></div><div class="battle-history"><small>[Tapu Koko's Electric Surge]</small><br><small>An electric current runs across the battlefield!</small><br></div><div class="spacer battle-history"><br></div><div class="battle-history">The opposing Greninja used <strong>Dark Pulse</strong>!<br></div><div class="battle-history"><small>It's not very effective...</small><br></div><div class="battle-history"><small>(Tapu Koko lost <abbr title="−119/281">42.3%</abbr> of its health!)</small><br></div><div class="spacer battle-history"><br></div><h2 class="battle-history">Turn 31</h2><div class="chat"><small>blunderr joined.</small></div><div class="spacer battle-history"><br></div><div class="battle-history">100 rires*** withdrew Greninja!<br></div><div class="battle-history">100 rires<strong>* sent out **Tangrowth</strong>!<br></div><div class="spacer battle-history"><br></div><div class="battle-history">Tapu Koko used <strong>Roost</strong>!<br></div><div class="battle-history"><small>Tapu Koko restored its HP.</small><br></div><div class="spacer battle-history"><br></div><h2 class="battle-history">Turn 32</h2><div class="spacer battle-history"><br></div><div class="battle-history">100 rires*** withdrew Tangrowth!<br></div><div class="battle-history">100 rires<strong>* sent out **Heatran</strong>!<br></div><div class="spacer battle-history"><br></div><div class="battle-history">Tapu Koko used <strong>U-turn</strong>!<br></div><div class="battle-history"><small>It's not very effective...</small><br></div><div class="battle-history"><small>(The opposing Heatran lost <abbr title="−18/385">4.7%</abbr> of its health!)</small><br></div><div class="chat"><small>SOULGAZER joined.</small></div><div class="spacer battle-history"><br></div><div class="battle-history">Tapu Koko went back to LT42A NJNP!<br></div><div class="battle-history">Go! Landorus (<strong>Landorus-Therian</strong>)!<br></div><div class="battle-history"><small>Pointed stones dug into Landorus!</small><br></div><div class="battle-history"><small>[Landorus's Intimidate]</small><br></div><div class="battle-history"><small>The opposing Heatran's Attack fell!</small><br></div><div class="spacer battle-history"><br></div><div class="battle-history"><small>The opposing Heatran restored a little HP using its Leftovers!</small><br></div><div class="spacer battle-history"><br></div><h2 class="battle-history">Turn 33</h2><div class="spacer battle-history"><br></div><div class="battle-history">100 rires*** withdrew Heatran!<br></div><div class="battle-history">100 rires<strong>* sent out **Tangrowth</strong>!<br></div><div class="spacer battle-history"><br></div><div class="battle-history">Landorus used <strong>U-turn</strong>!<br></div><div class="battle-history"><small>It's super effective!</small><br></div><div class="battle-history"><small>(The opposing Tangrowth lost <abbr title="−132/404">32.7%</abbr> of its health!)</small><br></div><div class="spacer battle-history"><br></div><div class="battle-history">Landorus went back to LT42A NJNP!<br></div><div class="battle-history">Go! Scizor (<strong>Scizor-Mega</strong>)!<br></div><div class="battle-history"><small>Pointed stones dug into Scizor!</small><br></div><div class="spacer battle-history"><br></div><h2 class="battle-history">Turn 34</h2><div class="chat chatmessage-sorry"><strong style="color:hsl(40,87%,35%)"><small> </small><span class="username" data-name="sorry?!?!">sorry?!?!</span>:</strong> <em>fizikally</em></div><div class="chat"><small>Fly's Alt joined.</small></div><div class="spacer battle-history"><br></div><div class="battle-history">100 rires*** withdrew Tangrowth!<br></div><div class="battle-history">100 rires<strong>* sent out **Heatran</strong>!<br></div><div class="spacer battle-history"><br></div><div class="battle-history">Scizor used <strong>Defog</strong>!<br></div><div class="battle-history"><small>The opposing Heatran's evasiveness fell!</small><br></div><div class="battle-history"><small>The pointed stones disappeared from around your team!</small><br></div><div class="spacer battle-history"><br></div><div class="battle-history"><small>The opposing Heatran restored a little HP using its Leftovers!</small><br></div><div class="battle-history"><small>The electricity disappeared from the battlefield.</small><br></div><div class="spacer battle-history"><br></div><h2 class="battle-history">Turn 35</h2><div class="spacer battle-history"><br></div><div class="battle-history">Scizor, come back!<br></div><div class="battle-history">Go! <strong>Mew</strong>!<br></div><div class="spacer battle-history"><br></div><div class="battle-history">The opposing Heatran used <strong>Earth Power</strong>!<br></div><div class="battle-history"><small>(Mew lost <abbr title="−86/403">21.3%</abbr> of its health!)</small><br></div><div class="spacer battle-history"><br></div><div class="battle-history"><small>Mew restored a little HP using its Leftovers!</small><br></div><div class="battle-history"><small>The opposing Heatran restored a little HP using its Leftovers!</small><br></div><div class="battle-history"><small>Mew was hurt by poison!</small><br></div><div class="spacer battle-history"><br></div><h2 class="battle-history">Turn 36</h2><div class="spacer battle-history"><br></div><div class="battle-history">100 rires*** withdrew Heatran!<br></div><div class="battle-history">100 rires<strong>* sent out **Zapdos</strong>!<br></div><div class="battle-history"><small>[The opposing Zapdos's Pressure]</small><br><small>The opposing Zapdos is exerting its pressure!</small><br></div><div class="spacer battle-history"><br></div><div class="battle-history">Mew used <strong>Earthquake</strong>!<br></div><div class="battle-history"><small>It doesn't affect the opposing Zapdos...</small><br></div><div class="spacer battle-history"><br></div><div class="battle-history"><small>Mew restored a little HP using its Leftovers!</small><br></div><div class="battle-history"><small>The opposing Zapdos restored a little HP using its Leftovers!</small><br></div><div class="battle-history"><small>Mew was hurt by poison!</small><br></div><div class="battle-history"><small>The opposing Zapdos was hurt by its burn!</small><br></div><div class="spacer battle-history"><br></div><h2 class="battle-history">Turn 37</h2><div class="spacer battle-history"><br></div><div class="battle-history">Mew used <strong>Roost</strong>!<br></div><div class="battle-history"><small>Mew restored its HP.</small><br></div><div class="spacer battle-history"><br></div><div class="battle-history">The opposing Zapdos used <strong>Discharge</strong>!<br></div><div class="battle-history"><small>(Mew lost <abbr title="−114/403">28.3%</abbr> of its health!)</small><br></div><div class="spacer battle-history"><br></div><div class="battle-history"><small>Mew restored a little HP using its Leftovers!</small><br></div><div class="battle-history"><small>The opposing Zapdos restored a little HP using its Leftovers!</small><br></div><div class="battle-history"><small>Mew was hurt by poison!</small><br></div><div class="battle-history"><small>The opposing Zapdos was hurt by its burn!</small><br></div><div class="spacer battle-history"><br></div><h2 class="battle-history">Turn 38</h2><div class="chat"><small>LT42A chunder joined.</small></div><div class="spacer battle-history"><br></div><div class="battle-history">Mew, come back!<br></div><div class="battle-history">Go! <strong>Tapu Koko</strong>!<br></div><div class="battle-history"><small>[Tapu Koko's Electric Surge]</small><br><small>An electric current runs across the battlefield!</small><br></div><div class="spacer battle-history"><br></div><div class="battle-history">The opposing Zapdos used <strong>Discharge</strong>!<br></div><div class="battle-history"><small>It's not very effective...</small><br></div><div class="battle-history"><small>(Tapu Koko lost <abbr title="−71/281">25.3%</abbr> of its health!)</small><br></div><div class="spacer battle-history"><br></div><div class="battle-history"><small>The opposing Zapdos restored a little HP using its Leftovers!</small><br></div><div class="battle-history"><small>The opposing Zapdos was hurt by its burn!</small><br></div><div class="spacer battle-history"><br></div><h2 class="battle-history">Turn 39</h2><div class="spacer battle-history"><br></div><div class="battle-history">100 rires*** withdrew Zapdos!<br></div><div class="battle-history">100 rires<strong>* sent out **Tangrowth</strong>!<br></div><div class="spacer battle-history"><br></div><div class="battle-history">Tapu Koko used <strong>U-turn</strong>!<br></div><div class="battle-history"><small>It's super effective!</small><br></div><div class="battle-history"><small>(The opposing Tangrowth lost <abbr title="−130/404">32.2%</abbr> of its health!)</small><br></div><div class="spacer battle-history"><br></div><div class="battle-history">Tapu Koko went back to LT42A NJNP!<br></div><div class="battle-history">Go! Scizor (<strong>Scizor-Mega</strong>)!<br></div><div class="spacer battle-history"><br></div><h2 class="battle-history">Turn 40</h2><div class="chat"><small>Raekiorra joined.</small></div><div class="spacer battle-history"><br></div><div class="battle-history">100 rires*** withdrew Tangrowth!<br></div><div class="battle-history">100 rires<strong>* sent out **Heatran</strong>!<br></div><div class="spacer battle-history"><br></div><div class="battle-history">Scizor used <strong>U-turn</strong>!<br></div><div class="battle-history"><small>It's not very effective...</small><br></div><div class="battle-history"><small>(The opposing Heatran lost <abbr title="−27/385">7.0%</abbr> of its health!)</small><br></div><div class="spacer battle-history"><br></div><div class="battle-history">Scizor went back to LT42A NJNP!<br></div><div class="battle-history">Go! <strong>Tapu Koko</strong>!<br></div><div class="spacer battle-history"><br></div><div class="battle-history"><small>The opposing Heatran restored a little HP using its Leftovers!</small><br></div><div class="spacer battle-history"><br></div><h2 class="battle-history">Turn 41</h2><div class="spacer battle-history"><br></div><div class="battle-history">100 rires*** withdrew Heatran!<br></div><div class="battle-history">100 rires<strong>* sent out **Tangrowth</strong>!<br></div><div class="spacer battle-history"><br></div><div class="battle-history">Tapu Koko used <strong>U-turn</strong>!<br></div><div class="battle-history"><small>It's super effective!</small><br></div><div class="battle-history"><small>(The opposing Tangrowth lost <abbr title="−118/404">29.2%</abbr> of its health!)</small><br></div><div class="spacer battle-history"><br></div><div class="battle-history">Tapu Koko went back to LT42A NJNP!<br></div><div class="battle-history">Go! <strong>Toxapex</strong>!<br></div><div class="spacer battle-history"><br></div><div class="battle-history"><small>Toxapex was hurt by its burn!</small><br></div><div class="spacer battle-history"><br></div><h2 class="battle-history">Turn 42</h2><div class="chat"><small>Mewtwo927ひかり joined.</small></div><div class="spacer battle-history"><br></div><div class="battle-history">100 rires*** withdrew Tangrowth!<br></div><div class="battle-history">100 rires<strong>* sent out **Zapdos</strong>!<br></div><div class="battle-history"><small>[The opposing Zapdos's Pressure]</small><br><small>The opposing Zapdos is exerting its pressure!</small><br></div><div class="spacer battle-history"><br></div><div class="battle-history">Toxapex used <strong>Toxic Spikes</strong>!<br></div><div class="battle-history"><small>Poison spikes were scattered on the ground all around the opposing team!</small><br></div><div class="spacer battle-history"><br></div><div class="battle-history"><small>The opposing Zapdos restored a little HP using its Leftovers!</small><br></div><div class="battle-history"><small>The opposing Zapdos was hurt by its burn!</small><br></div><div class="battle-history"><small>Toxapex was hurt by its burn!</small><br></div><div class="battle-history"><small>The electricity disappeared from the battlefield.</small><br></div><div class="spacer battle-history"><br></div><h2 class="battle-history">Turn 43</h2><div class="spacer battle-history"><br></div><div class="battle-history">Toxapex, come back!<br></div><div class="battle-history">Go! <strong>Tapu Koko</strong>!<br></div><div class="battle-history"><small>[Tapu Koko's Electric Surge]</small><br><small>An electric current runs across the battlefield!</small><br></div><div class="spacer battle-history"><br></div><div class="battle-history">The opposing Zapdos used <strong>Defog</strong>!<br></div><div class="battle-history"><small>Tapu Koko's evasiveness fell!</small><br></div><div class="battle-history"><small>The poison spikes disappeared from the ground around the opposing team!</small><br></div><div class="spacer battle-history"><br></div><div class="battle-history"><small>The opposing Zapdos restored a little HP using its Leftovers!</small><br></div><div class="battle-history"><small>The opposing Zapdos was hurt by its burn!</small><br></div><div class="spacer battle-history"><br></div><h2 class="battle-history">Turn 44</h2><div class="spacer battle-history"><br></div><div class="battle-history">100 rires*** withdrew Zapdos!<br></div><div class="battle-history">100 rires<strong>* sent out **Tangrowth</strong>!<br></div><div class="spacer battle-history"><br></div><div class="battle-history">Tapu Koko used <strong>U-turn</strong>!<br></div><div class="battle-history"><small>It's super effective!</small><br></div><div class="battle-history"><small>(The opposing Tangrowth lost <abbr title="−132/404">32.7%</abbr> of its health!)</small><br></div><div class="spacer battle-history"><br></div><div class="battle-history">Tapu Koko went back to LT42A NJNP!<br></div><div class="battle-history">Go! <strong>Toxapex</strong>!<br></div><div class="spacer battle-history"><br></div><div class="battle-history"><small>Toxapex was hurt by its burn!</small><br></div><div class="spacer battle-history"><br></div><h2 class="battle-history">Turn 45</h2><div class="spacer battle-history"><br></div><div class="battle-history">100 rires*** withdrew Tangrowth!<br></div><div class="battle-history">100 rires<strong>* sent out **Zapdos</strong>!<br></div><div class="battle-history"><small>[The opposing Zapdos's Pressure]</small><br><small>The opposing Zapdos is exerting its pressure!</small><br></div><div class="spacer battle-history"><br></div><div class="battle-history">Toxapex used <strong>Toxic Spikes</strong>!<br></div><div class="battle-history"><small>Poison spikes were scattered on the ground all around the opposing team!</small><br></div><div class="spacer battle-history"><br></div><div class="battle-history"><small>The opposing Zapdos restored a little HP using its Leftovers!</small><br></div><div class="battle-history"><small>The opposing Zapdos was hurt by its burn!</small><br></div><div class="battle-history"><small>Toxapex was hurt by its burn!</small><br></div><div class="spacer battle-history"><br></div><h2 class="battle-history">Turn 46</h2><div class="chat"><small>ict joined.</small></div><div class="spacer battle-history"><br></div><div class="battle-history">The opposing Zapdos used <strong>Defog</strong>!<br></div><div class="battle-history"><small>Toxapex's evasiveness fell!</small><br></div><div class="battle-history"><small>The poison spikes disappeared from the ground around the opposing team!</small><br></div><div class="spacer battle-history"><br></div><div class="battle-history">Toxapex used <strong>Scald</strong>!<br></div><div class="battle-history"><small>(The opposing Zapdos lost <abbr title="−46/383">12.0%</abbr> of its health!)</small><br></div><div class="spacer battle-history"><br></div><div class="battle-history"><small>The opposing Zapdos restored a little HP using its Leftovers!</small><br></div><div class="battle-history"><small>The opposing Zapdos was hurt by its burn!</small><br></div><div class="battle-history"><small>Toxapex was hurt by its burn!</small><br></div><div class="spacer battle-history"><br></div><h2 class="battle-history">Turn 47</h2><div class="chat"><small>UrWaifuSmellBad joined.</small></div><div class="spacer battle-history"><br></div><div class="battle-history">The opposing Zapdos used <strong>Roost</strong>!<br></div><div class="battle-history"><small>The opposing Zapdos restored its HP.</small><br></div><div class="spacer battle-history"><br></div><div class="battle-history">Toxapex used <strong>Toxic Spikes</strong>!<br></div><div class="battle-history"><small>Poison spikes were scattered on the ground all around the opposing team!</small><br></div><div class="spacer battle-history"><br></div><div class="battle-history"><small>The opposing Zapdos was hurt by its burn!</small><br></div><div class="battle-history"><small>Toxapex was hurt by its burn!</small><br></div><div class="battle-history"><small>The electricity disappeared from the battlefield.</small><br></div><div class="spacer battle-history"><br></div><h2 class="battle-history">Turn 48</h2><div class="chat"><small>Zamrock joined.</small></div><div class="chat"><small>Mewtwo927ひかり left.</small></div><div class="chat"><small>rogue loli left.</small></div><div class="spacer battle-history"><br></div><div class="battle-history">Toxapex, come back!<br></div><div class="battle-history">Go! <strong>Tapu Koko</strong>!<br></div><div class="battle-history"><small>[Tapu Koko's Electric Surge]</small><br><small>An electric current runs across the battlefield!</small><br></div><div class="spacer battle-history"><br></div><div class="battle-history">The opposing Zapdos used <strong>Defog</strong>!<br></div><div class="battle-history"><small>Tapu Koko's evasiveness fell!</small><br></div><div class="battle-history"><small>The poison spikes disappeared from the ground around the opposing team!</small><br></div><div class="spacer battle-history"><br></div><div class="battle-history"><small>The opposing Zapdos restored a little HP using its Leftovers!</small><br></div><div class="battle-history"><small>The opposing Zapdos was hurt by its burn!</small><br></div><div class="spacer battle-history"><br></div><h2 class="battle-history">Turn 49</h2><div class="chat"><small>Baxstenias joined.</small></div><div class="spacer battle-history"><br></div><div class="battle-history">100 rires*** withdrew Zapdos!<br></div><div class="battle-history">100 rires<strong>* sent out **Tangrowth</strong>!<br></div><div class="spacer battle-history"><br></div><div class="battle-history">Tapu Koko used <strong>U-turn</strong>!<br></div><div class="battle-history"><small>It's super effective!</small><br></div><div class="battle-history"><small>(The opposing Tangrowth lost <abbr title="−126/404">31.2%</abbr> of its health!)</small><br></div><div class="spacer battle-history"><br></div><div class="battle-history">Tapu Koko went back to LT42A NJNP!<br></div><div class="battle-history">Go! Scizor (<strong>Scizor-Mega</strong>)!<br></div><div class="spacer battle-history"><br></div><h2 class="battle-history">Turn 50</h2><div class="spacer battle-history"><br></div><div class="battle-history">100 rires*** withdrew Tangrowth!<br></div><div class="battle-history">100 rires<strong>* sent out **Heatran</strong>!<br></div><div class="spacer battle-history"><br></div><div class="battle-history">Scizor used <strong>U-turn</strong>!<br></div><div class="battle-history"><small>It's not very effective...</small><br></div><div class="battle-history"><small>(The opposing Heatran lost <abbr title="−25/385">6.5%</abbr> of its health!)</small><br></div><div class="spacer battle-history"><br></div><div class="battle-history">Scizor went back to LT42A NJNP!<br></div><div class="battle-history">Go! <strong>Toxapex</strong>!<br></div><div class="spacer battle-history"><br></div><div class="battle-history"><small>The opposing Heatran restored a little HP using its Leftovers!</small><br></div><div class="battle-history"><small>Toxapex was hurt by its burn!</small><br></div><div class="spacer battle-history"><br></div><h2 class="battle-history">Turn 51</h2><div class="spacer battle-history"><br></div><div class="battle-history">100 rires*** withdrew Heatran!<br></div><div class="battle-history">100 rires<strong>* sent out **Zapdos</strong>!<br></div><div class="battle-history"><small>[The opposing Zapdos's Pressure]</small><br><small>The opposing Zapdos is exerting its pressure!</small><br></div><div class="spacer battle-history"><br></div><div class="battle-history">Toxapex used <strong>Toxic Spikes</strong>!<br></div><div class="battle-history"><small>Poison spikes were scattered on the ground all around the opposing team!</small><br></div><div class="spacer battle-history"><br></div><div class="battle-history"><small>The opposing Zapdos restored a little HP using its Leftovers!</small><br></div><div class="battle-history"><small>The opposing Zapdos was hurt by its burn!</small><br></div><div class="battle-history"><small>Toxapex was hurt by its burn!</small><br></div><div class="spacer battle-history"><br></div><h2 class="battle-history">Turn 52</h2><div class="spacer battle-history"><br></div><div class="battle-history">Toxapex, come back!<br></div><div class="battle-history">Go! <strong>Tapu Koko</strong>!<br></div><div class="spacer battle-history"><br></div><div class="battle-history">The opposing Zapdos used <strong>Defog</strong>!<br></div><div class="battle-history"><small>Tapu Koko's evasiveness fell!</small><br></div><div class="battle-history"><small>The poison spikes disappeared from the ground around the opposing team!</small><br></div><div class="spacer battle-history"><br></div><div class="battle-history"><small>The opposing Zapdos restored a little HP using its Leftovers!</small><br></div><div class="battle-history"><small>The opposing Zapdos was hurt by its burn!</small><br></div><div class="battle-history"><small>The electricity disappeared from the battlefield.</small><br></div><div class="spacer battle-history"><br></div><h2 class="battle-history">Turn 53</h2><div class="spacer battle-history"><br></div><div class="battle-history">Tapu Koko used <strong>Taunt</strong>!<br></div><div class="battle-history"><small>The opposing Zapdos fell for the taunt!</small><br></div><div class="spacer battle-history"><br></div><div class="battle-history">The opposing Zapdos can't use Roost after the taunt!<br></div><div class="spacer battle-history"><br></div><div class="battle-history"><small>The opposing Zapdos restored a little HP using its Leftovers!</small><br></div><div class="battle-history"><small>The opposing Zapdos was hurt by its burn!</small><br></div><div class="spacer battle-history"><br></div><h2 class="battle-history">Turn 54</h2><div class="spacer battle-history"><br></div><div class="battle-history">100 rires*** withdrew Zapdos!<br></div><div class="battle-history">100 rires<strong>* sent out **Tangrowth</strong>!<br></div><div class="spacer battle-history"><br></div><div class="battle-history">Tapu Koko used <strong>Roost</strong>!<br></div><div class="battle-history"><small>Tapu Koko restored its HP.</small><br></div><div class="spacer battle-history"><br></div><h2 class="battle-history">Turn 55</h2><div class="spacer battle-history"><br></div><div class="battle-history">Tapu Koko used <strong>U-turn</strong>!<br></div><div class="battle-history"><small>It's super effective!</small><br></div><div class="battle-history"><small>(The opposing Tangrowth lost <abbr title="−122/404">30.2%</abbr> of its health!)</small><br></div><div class="spacer battle-history"><br></div><div class="battle-history">Tapu Koko went back to LT42A NJNP!<br></div><div class="battle-history">Go! Scizor (<strong>Scizor-Mega</strong>)!<br></div><div class="spacer battle-history"><br></div><div class="battle-history">The opposing Tangrowth used <strong>Earthquake</strong>!<br></div><div class="battle-history"><small>(Scizor lost <abbr title="−48/343">14.0%</abbr> of its health!)</small><br></div><div class="spacer battle-history"><br></div><h2 class="battle-history">Turn 56</h2><div class="spacer battle-history"><br></div><div class="battle-history">100 rires*** withdrew Tangrowth!<br></div><div class="battle-history">100 rires<strong>* sent out **Heatran</strong>!<br></div><div class="spacer battle-history"><br></div><div class="battle-history">Scizor used <strong>U-turn</strong>!<br></div><div class="battle-history"><small>It's not very effective...</small><br></div><div class="battle-history"><small>(The opposing Heatran lost <abbr title="−27/385">7.0%</abbr> of its health!)</small><br></div><div class="chat"><small>LT42X Raptor joined.</small></div><div class="spacer battle-history"><br></div><div class="battle-history">Scizor went back to LT42A NJNP!<br></div><div class="battle-history">Go! <strong>Toxapex</strong>!<br></div><div class="spacer battle-history"><br></div><div class="battle-history"><small>The opposing Heatran restored a little HP using its Leftovers!</small><br></div><div class="battle-history"><small>Toxapex was hurt by its burn!</small><br></div><div class="spacer battle-history"><br></div><h2 class="battle-history">Turn 57</h2><div class="spacer battle-history"><br></div><div class="battle-history">100 rires*** withdrew Heatran!<br></div><div class="battle-history">100 rires<strong>* sent out **Zapdos</strong>!<br></div><div class="battle-history"><small>[The opposing Zapdos's Pressure]</small><br><small>The opposing Zapdos is exerting its pressure!</small><br></div><div class="spacer battle-history"><br></div><div class="battle-history">Toxapex used <strong>Toxic Spikes</strong>!<br></div><div class="battle-history"><small>Poison spikes were scattered on the ground all around the opposing team!</small><br></div><div class="spacer battle-history"><br></div><div class="battle-history"><small>The opposing Zapdos restored a little HP using its Leftovers!</small><br></div><div class="battle-history"><small>The opposing Zapdos was hurt by its burn!</small><br></div><div class="battle-history"><small>Toxapex was hurt by its burn!</small><br></div><div class="spacer battle-history"><br></div><h2 class="battle-history">Turn 58</h2><div class="chat"><small>hurryupcucks joined.</small></div><div class="spacer battle-history"><br></div><div class="battle-history">Toxapex, come back!<br></div><div class="battle-history">Go! <strong>Tapu Koko</strong>!<br></div><div class="battle-history"><small>[Tapu Koko's Electric Surge]</small><br><small>An electric current runs across the battlefield!</small><br></div><div class="spacer battle-history"><br></div><div class="battle-history">The opposing Zapdos used <strong>Defog</strong>!<br></div><div class="battle-history"><small>Tapu Koko's evasiveness fell!</small><br></div><div class="battle-history"><small>The poison spikes disappeared from the ground around the opposing team!</small><br></div><div class="spacer battle-history"><br></div><div class="battle-history"><small>The opposing Zapdos restored a little HP using its Leftovers!</small><br></div><div class="battle-history"><small>The opposing Zapdos was hurt by its burn!</small><br></div><div class="spacer battle-history"><br></div><h2 class="battle-history">Turn 59</h2><div class="spacer battle-history"><br></div><div class="battle-history">100 rires*** withdrew Zapdos!<br></div><div class="battle-history">100 rires<strong>* sent out **Tangrowth</strong>!<br></div><div class="spacer battle-history"><br></div><div class="battle-history">Tapu Koko used <strong>U-turn</strong>!<br></div><div class="battle-history"><small>It's super effective!</small><br></div><div class="battle-history"><small>(The opposing Tangrowth lost <abbr title="−130/404">32.2%</abbr> of its health!)</small><br></div><div class="spacer battle-history"><br></div><div class="battle-history">Tapu Koko went back to LT42A NJNP!<br></div><div class="battle-history">Go! <strong>Toxapex</strong>!<br></div><div class="spacer battle-history"><br></div><div class="battle-history"><small>Toxapex was hurt by its burn!</small><br></div><div class="spacer battle-history"><br></div><h2 class="battle-history">Turn 60</h2><div class="spacer battle-history"><br></div><div class="battle-history">100 rires*** withdrew Tangrowth!<br></div><div class="battle-history">100 rires<strong>* sent out **Zapdos</strong>!<br></div><div class="battle-history"><small>[The opposing Zapdos's Pressure]</small><br><small>The opposing Zapdos is exerting its pressure!</small><br></div><div class="spacer battle-history"><br></div><div class="battle-history">Toxapex used <strong>Toxic Spikes</strong>!<br></div><div class="battle-history"><small>Poison spikes were scattered on the ground all around the opposing team!</small><br></div><div class="spacer battle-history"><br></div><div class="battle-history"><small>The opposing Zapdos restored a little HP using its Leftovers!</small><br></div><div class="battle-history"><small>The opposing Zapdos was hurt by its burn!</small><br></div><div class="battle-history"><small>Toxapex was hurt by its burn!</small><br></div><div class="spacer battle-history"><br></div><h2 class="battle-history">Turn 61</h2><div class="spacer battle-history"><br></div><div class="battle-history">Toxapex, come back!<br></div><div class="battle-history">Go! <strong>Mew</strong>!<br></div><div class="spacer battle-history"><br></div><div class="battle-history">The opposing Zapdos used <strong>Defog</strong>!<br></div><div class="battle-history"><small>Mew's evasiveness fell!</small><br></div><div class="battle-history"><small>The poison spikes disappeared from the ground around the opposing team!</small><br></div><div class="spacer battle-history"><br></div><div class="battle-history"><small>Mew restored a little HP using its Leftovers!</small><br></div><div class="battle-history"><small>The opposing Zapdos restored a little HP using its Leftovers!</small><br></div><div class="battle-history"><small>Mew was hurt by poison!</small><br></div><div class="battle-history"><small>The opposing Zapdos was hurt by its burn!</small><br></div><div class="spacer battle-history"><br></div><h2 class="battle-history">Turn 62</h2><div class="spacer battle-history"><br></div><div class="battle-history">Mew used <strong>Roost</strong>!<br></div><div class="battle-history"><small>Mew restored its HP.</small><br></div><div class="spacer battle-history"><br></div><div class="battle-history">The opposing Zapdos used <strong>Discharge</strong>!<br></div><div class="battle-history"><small>(Mew lost <abbr title="−106/403">26.3%</abbr> of its health!)</small><br></div><div class="spacer battle-history"><br></div><div class="battle-history"><small>Mew restored a little HP using its Leftovers!</small><br></div><div class="battle-history"><small>The opposing Zapdos restored a little HP using its Leftovers!</small><br></div><div class="battle-history"><small>Mew was hurt by poison!</small><br></div><div class="battle-history"><small>The opposing Zapdos was hurt by its burn!</small><br></div><div class="battle-history"><small>The electricity disappeared from the battlefield.</small><br></div><div class="spacer battle-history"><br></div><h2 class="battle-history">Turn 63</h2><div class="chat"><small>RaonLee4Ever joined.</small></div><div class="spacer battle-history"><br></div><div class="battle-history">Mew used <strong>Stealth Rock</strong>!<br></div><div class="battle-history"><small>Pointed stones float in the air around the opposing team!</small><br></div><div class="spacer battle-history"><br></div><div class="battle-history">The opposing Zapdos used <strong>Discharge</strong>!<br></div><div class="battle-history"><small>(Mew lost <abbr title="−109/403">27.0%</abbr> of its health!)</small><br></div><div class="spacer battle-history"><br></div><div class="battle-history"><small>Mew restored a little HP using its Leftovers!</small><br></div><div class="battle-history"><small>The opposing Zapdos restored a little HP using its Leftovers!</small><br></div><div class="battle-history"><small>Mew was hurt by poison!</small><br></div><div class="battle-history"><small>The opposing Zapdos was hurt by its burn!</small><br></div><div class="spacer battle-history"><br></div><h2 class="battle-history">Turn 64</h2><div class="spacer battle-history"><br></div><div class="battle-history">Mew used <strong>Roost</strong>!<br></div><div class="battle-history"><small>Mew restored its HP.</small><br></div><div class="spacer battle-history"><br></div><div class="battle-history">The opposing Zapdos used <strong>Defog</strong>!<br></div><div class="battle-history"><small>Mew's evasiveness fell!</small><br></div><div class="battle-history"><small>The pointed stones disappeared from around the opposing team!</small><br></div><div class="spacer battle-history"><br></div><div class="battle-history"><small>Mew restored a little HP using its Leftovers!</small><br></div><div class="battle-history"><small>The opposing Zapdos restored a little HP using its Leftovers!</small><br></div><div class="battle-history"><small>Mew was hurt by poison!</small><br></div><div class="battle-history"><small>The opposing Zapdos was hurt by its burn!</small><br></div><div class="spacer battle-history"><br></div><h2 class="battle-history">Turn 65</h2><div class="spacer battle-history"><br></div><div class="battle-history">Mew, come back!<br></div><div class="battle-history">Go! Scizor (<strong>Scizor-Mega</strong>)!<br></div><div class="spacer battle-history"><br></div><div class="battle-history">The opposing Zapdos used <strong>Discharge</strong>!<br></div><div class="battle-history"><small>(Scizor lost <abbr title="−115/343">33.5%</abbr> of its health!)</small><br></div><div class="spacer battle-history"><br></div><div class="battle-history"><small>The opposing Zapdos restored a little HP using its Leftovers!</small><br></div><div class="battle-history"><small>The opposing Zapdos was hurt by its burn!</small><br></div><div class="spacer battle-history"><br></div><h2 class="battle-history">Turn 66</h2><div class="spacer battle-history"><br></div><div class="battle-history">Scizor, come back!<br></div><div class="battle-history">Go! <strong>Tapu Koko</strong>!<br></div><div class="battle-history"><small>[Tapu Koko's Electric Surge]</small><br><small>An electric current runs across the battlefield!</small><br></div><div class="spacer battle-history"><br></div><div class="battle-history">The opposing Zapdos used <strong>Toxic</strong>!<br></div><div class="battle-history"><small>Tapu Koko was badly poisoned!</small><br></div><div class="spacer battle-history"><br></div><div class="battle-history"><small>The opposing Zapdos restored a little HP using its Leftovers!</small><br></div><div class="battle-history"><small>Tapu Koko was hurt by poison!</small><br></div><div class="battle-history"><small>The opposing Zapdos was hurt by its burn!</small><br></div><div class="spacer battle-history"><br></div><h2 class="battle-history">Turn 67</h2><div class="chat"><small>ABR joined.</small></div><div class="spacer battle-history"><br></div><div class="battle-history">100 rires*** withdrew Zapdos!<br></div><div class="battle-history">100 rires<strong>* sent out **Tangrowth</strong>!<br></div><div class="spacer battle-history"><br></div><div class="battle-history">Tapu Koko used <strong>U-turn</strong>!<br></div><div class="battle-history"><small>It's super effective!</small><br></div><div class="battle-history"><small>A critical hit!</small><br></div><div class="battle-history"><small>(The opposing Tangrowth lost <abbr title="−196/404">48.5%</abbr> of its health!)</small><br></div><div class="spacer battle-history"><br></div><div class="battle-history">Tapu Koko went back to LT42A NJNP!<br></div><div class="battle-history">Go! Scizor (<strong>Scizor-Mega</strong>)!<br></div><div class="spacer battle-history"><br></div><h2 class="battle-history">Turn 68</h2><div class="spacer battle-history"><br></div><div class="battle-history">100 rires*** withdrew Tangrowth!<br></div><div class="battle-history">100 rires<strong>* sent out **Heatran</strong>!<br></div><div class="spacer battle-history"><br></div><div class="battle-history">Scizor used <strong>U-turn</strong>!<br></div><div class="battle-history"><small>It's not very effective...</small><br></div><div class="battle-history"><small>(The opposing Heatran lost <abbr title="−27/385">7.0%</abbr> of its health!)</small><br></div><div class="chat"><small>LT42B Real joined.</small></div><div class="chat chatmessage-lt42breal"><strong style="color:hsl(43,73%,42.9204929683275%)"><small> </small><span class="username" data-name="LT42B Real">LT42B Real</span>:</strong> <em>njnp bby</em></div><div class="chat chatmessage-lt42breal"><strong style="color:hsl(43,73%,42.9204929683275%)"><small> </small><span class="username" data-name="LT42B Real">LT42B Real</span>:</strong> <em>its shady</em></div><div class="spacer battle-history"><br></div><div class="battle-history">Scizor went back to LT42A NJNP!<br></div><div class="battle-history">Go! <strong>Tapu Koko</strong>!<br></div><div class="spacer battle-history"><br></div><div class="battle-history"><small>The opposing Heatran restored a little HP using its Leftovers!</small><br></div><div class="battle-history"><small>Tapu Koko was hurt by poison!</small><br></div><div class="spacer battle-history"><br></div><h2 class="battle-history">Turn 69</h2><div class="spacer battle-history"><br></div><div class="battle-history">100 rires*** withdrew Heatran!<br></div><div class="battle-history">100 rires<strong>* sent out **Tangrowth</strong>!<br></div><div class="spacer battle-history"><br></div><div class="battle-history">Tapu Koko used <strong>U-turn</strong>!<br></div><div class="battle-history"><small>It's super effective!</small><br></div><div class="battle-history"><small>(The opposing Tangrowth lost <abbr title="−120/404">29.7%</abbr> of its health!)</small><br></div><div class="spacer battle-history"><br></div><div class="battle-history">Tapu Koko went back to LT42A NJNP!<br></div><div class="battle-history">Go! <strong>Mew</strong>!<br></div><div class="spacer battle-history"><br></div><div class="battle-history"><small>Mew restored a little HP using its Leftovers!</small><br></div><div class="battle-history"><small>Mew was hurt by poison!</small><br></div><div class="spacer battle-history"><br></div><h2 class="battle-history">Turn 70</h2><div class="spacer battle-history"><br></div><div class="battle-history">100 rires*** withdrew Tangrowth!<br></div><div class="battle-history">100 rires<strong>* sent out **Zapdos</strong>!<br></div><div class="battle-history"><small>[The opposing Zapdos's Pressure]</small><br><small>The opposing Zapdos is exerting its pressure!</small><br></div><div class="spacer battle-history"><br></div><div class="battle-history">Mew used <strong>Stealth Rock</strong>!<br></div><div class="battle-history"><small>Pointed stones float in the air around the opposing team!</small><br></div><div class="spacer battle-history"><br></div><div class="battle-history"><small>Mew restored a little HP using its Leftovers!</small><br></div><div class="battle-history"><small>The opposing Zapdos restored a little HP using its Leftovers!</small><br></div><div class="battle-history"><small>Mew was hurt by poison!</small><br></div><div class="battle-history"><small>The opposing Zapdos was hurt by its burn!</small><br></div><div class="battle-history"><small>The electricity disappeared from the battlefield.</small><br></div><div class="spacer battle-history"><br></div><h2 class="battle-history">Turn 71</h2><div class="spacer battle-history"><br></div><div class="battle-history">Mew, come back!<br></div><div class="battle-history">Go! <strong>Tapu Koko</strong>!<br></div><div class="battle-history"><small>[Tapu Koko's Electric Surge]</small><br><small>An electric current runs across the battlefield!</small><br></div><div class="spacer battle-history"><br></div><div class="battle-history">The opposing Zapdos used <strong>Defog</strong>!<br></div><div class="battle-history"><small>Tapu Koko's evasiveness fell!</small><br></div><div class="battle-history"><small>The pointed stones disappeared from around the opposing team!</small><br></div><div class="spacer battle-history"><br></div><div class="battle-history"><small>The opposing Zapdos restored a little HP using its Leftovers!</small><br></div><div class="battle-history"><small>Tapu Koko was hurt by poison!</small><br></div><div class="battle-history"><small>The opposing Zapdos was hurt by its burn!</small><br></div><div class="spacer battle-history"><br></div><h2 class="battle-history">Turn 72</h2><div class="spacer battle-history"><br></div><div class="battle-history">100 rires*** withdrew Zapdos!<br></div><div class="battle-history">100 rires<strong>* sent out **Tangrowth</strong>!<br></div><div class="spacer battle-history"><br></div><div class="battle-history">Tapu Koko used <strong>U-turn</strong>!<br></div><div class="battle-history"><small>It's super effective!</small><br></div><div class="battle-history"><small>(The opposing Tangrowth lost <abbr title="−136/404">33.7%</abbr> of its health!)</small><br></div><div class="spacer battle-history"><br></div><div class="battle-history">Tapu Koko went back to LT42A NJNP!<br></div><div class="battle-history">Go! <strong>Toxapex</strong>!<br></div><div class="spacer battle-history"><br></div><div class="battle-history"><small>Toxapex was hurt by its burn!</small><br></div><div class="spacer battle-history"><br></div><h2 class="battle-history">Turn 73</h2><div class="spacer battle-history"><br></div><div class="battle-history">100 rires*** withdrew Tangrowth!<br></div><div class="battle-history">100 rires<strong>* sent out **Zapdos</strong>!<br></div><div class="battle-history"><small>[The opposing Zapdos's Pressure]</small><br><small>The opposing Zapdos is exerting its pressure!</small><br></div><div class="spacer battle-history"><br></div><div class="battle-history">Toxapex used <strong>Toxic Spikes</strong>!<br></div><div class="battle-history"><small>Poison spikes were scattered on the ground all around the opposing team!</small><br></div><div class="spacer battle-history"><br></div><div class="battle-history"><small>The opposing Zapdos restored a little HP using its Leftovers!</small><br></div><div class="battle-history"><small>The opposing Zapdos was hurt by its burn!</small><br></div><div class="battle-history"><small>Toxapex was hurt by its burn!</small><br></div><div class="spacer battle-history"><br></div><h2 class="battle-history">Turn 74</h2><div class="spacer battle-history"><br></div><div class="battle-history">The opposing Zapdos used <strong>Defog</strong>!<br></div><div class="battle-history"><small>Toxapex's evasiveness fell!</small><br></div><div class="battle-history"><small>The poison spikes disappeared from the ground around the opposing team!</small><br></div><div class="spacer battle-history"><br></div><div class="battle-history">Toxapex used <strong>Toxic Spikes</strong>!<br></div><div class="battle-history"><small>Poison spikes were scattered on the ground all around the opposing team!</small><br></div><div class="spacer battle-history"><br></div><div class="battle-history"><small>The opposing Zapdos restored a little HP using its Leftovers!</small><br></div><div class="battle-history"><small>The opposing Zapdos was hurt by its burn!</small><br></div><div class="battle-history"><small>Toxapex was hurt by its burn!</small><br></div><div class="spacer battle-history"><br></div><h2 class="battle-history">Turn 75</h2><div class="spacer battle-history"><br></div><div class="battle-history">Toxapex, come back!<br></div><div class="battle-history">Go! <strong>Tapu Koko</strong>!<br></div><div class="spacer battle-history"><br></div><div class="battle-history">The opposing Zapdos used <strong>Defog</strong>!<br></div><div class="battle-history"><small>Tapu Koko's evasiveness fell!</small><br></div><div class="battle-history"><small>The poison spikes disappeared from the ground around the opposing team!</small><br></div><div class="spacer battle-history"><br></div><div class="battle-history"><small>The opposing Zapdos restored a little HP using its Leftovers!</small><br></div><div class="battle-history"><small>Tapu Koko was hurt by poison!</small><br></div><div class="battle-history"><small>The opposing Zapdos was hurt by its burn!</small><br></div><div class="battle-history"><small>The electricity disappeared from the battlefield.</small><br></div><div class="spacer battle-history"><br></div><h2 class="battle-history">Turn 76</h2><div class="spacer battle-history"><br></div><div class="battle-history">100 rires*** withdrew Zapdos!<br></div><div class="battle-history">100 rires<strong>* sent out **Heatran</strong>!<br></div><div class="spacer battle-history"><br></div><div class="battle-history">Tapu Koko used <strong>U-turn</strong>!<br></div><div class="battle-history"><small>It's not very effective...</small><br></div><div class="battle-history"><small>A critical hit!</small><br></div><div class="battle-history"><small>(The opposing Heatran lost <abbr title="−29/385">7.5%</abbr> of its health!)</small><br></div><div class="spacer battle-history"><br></div><div class="battle-history">Tapu Koko went back to LT42A NJNP!<br></div><div class="battle-history">Go! Landorus (<strong>Landorus-Therian</strong>)!<br></div><div class="battle-history"><small>[Landorus's Intimidate]</small><br></div><div class="battle-history"><small>The opposing Heatran's Attack fell!</small><br></div><div class="spacer battle-history"><br></div><div class="battle-history"><small>The opposing Heatran restored a little HP using its Leftovers!</small><br></div><div class="spacer battle-history"><br></div><h2 class="battle-history">Turn 77</h2><div class="spacer battle-history"><br></div><div class="battle-history">100 rires*** withdrew Heatran!<br></div><div class="battle-history">100 rires<strong>* sent out **Tangrowth</strong>!<br></div><div class="spacer battle-history"><br></div><div class="battle-history">Landorus used <strong>U-turn</strong>!<br></div><div class="battle-history"><small>It's super effective!</small><br></div><div class="battle-history"><small>(The opposing Tangrowth lost <abbr title="−138/404">34.2%</abbr> of its health!)</small><br></div><div class="spacer battle-history"><br></div><div class="battle-history">Landorus went back to LT42A NJNP!<br></div><div class="battle-history">Go! Scizor (<strong>Scizor-Mega</strong>)!<br></div><div class="spacer battle-history"><br></div><h2 class="battle-history">Turn 78</h2><div class="spacer battle-history"><br></div><div class="battle-history">100 rires*** withdrew Tangrowth!<br></div><div class="battle-history">100 rires<strong>* sent out **Heatran</strong>!<br></div><div class="spacer battle-history"><br></div><div class="battle-history">Scizor used <strong>U-turn</strong>!<br></div><div class="battle-history"><small>It's not very effective...</small><br></div><div class="battle-history"><small>(The opposing Heatran lost <abbr title="−27/385">7.0%</abbr> of its health!)</small><br></div><div class="spacer battle-history"><br></div><div class="battle-history">Scizor went back to LT42A NJNP!<br></div><div class="battle-history">Go! <strong>Tapu Koko</strong>!<br></div><div class="battle-history"><small>[Tapu Koko's Electric Surge]</small><br><small>An electric current runs across the battlefield!</small><br></div><div class="spacer battle-history"><br></div><div class="battle-history"><small>The opposing Heatran restored a little HP using its Leftovers!</small><br></div><div class="battle-history"><small>Tapu Koko was hurt by poison!</small><br></div><div class="spacer battle-history"><br></div><h2 class="battle-history">Turn 79</h2><div class="spacer battle-history"><br></div><div class="battle-history">100 rires*** withdrew Heatran!<br></div><div class="battle-history">100 rires<strong>* sent out **Tangrowth</strong>!<br></div><div class="spacer battle-history"><br></div><div class="battle-history">Tapu Koko used <strong>U-turn</strong>!<br></div><div class="battle-history"><small>It's super effective!</small><br></div><div class="battle-history"><small>(The opposing Tangrowth lost <abbr title="−126/404">31.2%</abbr> of its health!)</small><br></div><div class="spacer battle-history"><br></div><div class="battle-history">Tapu Koko went back to LT42A NJNP!<br></div><div class="battle-history">Go! <strong>Toxapex</strong>!<br></div><div class="spacer battle-history"><br></div><div class="battle-history"><small>Toxapex was hurt by its burn!</small><br></div><div class="spacer battle-history"><br></div><h2 class="battle-history">Turn 80</h2><div class="spacer battle-history"><br></div><div class="battle-history">100 rires*** withdrew Tangrowth!<br></div><div class="battle-history">100 rires<strong>* sent out **Zapdos</strong>!<br></div><div class="battle-history"><small>[The opposing Zapdos's Pressure]</small><br><small>The opposing Zapdos is exerting its pressure!</small><br></div><div class="spacer battle-history"><br></div><div class="battle-history">Toxapex used <strong>Toxic Spikes</strong>!<br></div><div class="battle-history"><small>Poison spikes were scattered on the ground all around the opposing team!</small><br></div><div class="spacer battle-history"><br></div><div class="battle-history"><small>The opposing Zapdos restored a little HP using its Leftovers!</small><br></div><div class="battle-history"><small>The opposing Zapdos was hurt by its burn!</small><br></div><div class="battle-history"><small>Toxapex was hurt by its burn!</small><br></div><div class="spacer battle-history"><br></div><h2 class="battle-history">Turn 81</h2><div class="spacer battle-history"><br></div><div class="battle-history">The opposing Zapdos used <strong>Defog</strong>!<br></div><div class="battle-history"><small>Toxapex's evasiveness fell!</small><br></div><div class="battle-history"><small>The poison spikes disappeared from the ground around the opposing team!</small><br></div><div class="spacer battle-history"><br></div><div class="battle-history">Toxapex used <strong>Toxic Spikes</strong>!<br></div><div class="battle-history"><small>Poison spikes were scattered on the ground all around the opposing team!</small><br></div><div class="spacer battle-history"><br></div><div class="battle-history"><small>The opposing Zapdos restored a little HP using its Leftovers!</small><br></div><div class="battle-history"><small>The opposing Zapdos was hurt by its burn!</small><br></div><div class="battle-history"><small>Toxapex was hurt by its burn!</small><br></div><div class="spacer battle-history"><br></div><h2 class="battle-history">Turn 82</h2><div class="spacer battle-history"><br></div><div class="battle-history">The opposing Zapdos used <strong>Defog</strong>!<br></div><div class="battle-history"><small>Toxapex's evasiveness fell!</small><br></div><div class="battle-history"><small>The poison spikes disappeared from the ground around the opposing team!</small><br></div><div class="spacer battle-history"><br></div><div class="battle-history">Toxapex used <strong>Toxic Spikes</strong>!<br></div><div class="battle-history"><small>Poison spikes were scattered on the ground all around the opposing team!</small><br></div><div class="spacer battle-history"><br></div><div class="battle-history"><small>The opposing Zapdos restored a little HP using its Leftovers!</small><br></div><div class="battle-history"><small>The opposing Zapdos was hurt by its burn!</small><br></div><div class="battle-history"><small>Toxapex was hurt by its burn!</small><br></div><div class="battle-history"><small>The electricity disappeared from the battlefield.</small><br></div><div class="spacer battle-history"><br></div><h2 class="battle-history">Turn 83</h2><div class="spacer battle-history"><br></div><div class="battle-history">Toxapex, come back!<br></div><div class="battle-history">Go! <strong>Mew</strong>!<br></div><div class="spacer battle-history"><br></div><div class="battle-history">The opposing Zapdos used <strong>Defog</strong>!<br></div><div class="battle-history"><small>Mew's evasiveness fell!</small><br></div><div class="battle-history"><small>The poison spikes disappeared from the ground around the opposing team!</small><br></div><div class="spacer battle-history"><br></div><div class="battle-history"><small>Mew restored a little HP using its Leftovers!</small><br></div><div class="battle-history"><small>The opposing Zapdos restored a little HP using its Leftovers!</small><br></div><div class="battle-history"><small>Mew was hurt by poison!</small><br></div><div class="battle-history"><small>The opposing Zapdos was hurt by its burn!</small><br></div><div class="spacer battle-history"><br></div><h2 class="battle-history">Turn 84</h2><div class="chat"><small>Baxstenias left.</small></div><div class="spacer battle-history"><br></div><div class="battle-history">Mew used <strong>Stealth Rock</strong>!<br></div><div class="battle-history"><small>Pointed stones float in the air around the opposing team!</small><br></div><div class="spacer battle-history"><br></div><div class="battle-history">The opposing Zapdos used <strong>Discharge</strong>!<br></div><div class="battle-history"><small>(Mew lost <abbr title="−105/403">26.1%</abbr> of its health!)</small><br></div><div class="spacer battle-history"><br></div><div class="battle-history"><small>Mew restored a little HP using its Leftovers!</small><br></div><div class="battle-history"><small>The opposing Zapdos restored a little HP using its Leftovers!</small><br></div><div class="battle-history"><small>Mew was hurt by poison!</small><br></div><div class="battle-history"><small>The opposing Zapdos was hurt by its burn!</small><br></div><div class="spacer battle-history"><br></div><h2 class="battle-history">Turn 85</h2><div class="spacer battle-history"><br></div><div class="battle-history">Mew used <strong>Roost</strong>!<br></div><div class="battle-history"><small>Mew restored its HP.</small><br></div><div class="spacer battle-history"><br></div><div class="battle-history">The opposing Zapdos used <strong>Discharge</strong>!<br></div><div class="battle-history"><small>(Mew lost <abbr title="−115/403">28.5%</abbr> of its health!)</small><br></div><div class="spacer battle-history"><br></div><div class="battle-history"><small>Mew restored a little HP using its Leftovers!</small><br></div><div class="battle-history"><small>The opposing Zapdos restored a little HP using its Leftovers!</small><br></div><div class="battle-history"><small>Mew was hurt by poison!</small><br></div><div class="battle-history"><small>The opposing Zapdos was hurt by its burn!</small><br></div><div class="spacer battle-history"><br></div><h2 class="battle-history">Turn 86</h2><div class="chat"><small>ict left.</small></div><div class="spacer battle-history"><br></div><div class="battle-history">Mew, come back!<br></div><div class="battle-history">Go! <strong>Tapu Koko</strong>!<br></div><div class="battle-history"><small>[Tapu Koko's Electric Surge]</small><br><small>An electric current runs across the battlefield!</small><br></div><div class="spacer battle-history"><br></div><div class="battle-history">The opposing Zapdos used <strong>Defog</strong>!<br></div><div class="battle-history"><small>Tapu Koko's evasiveness fell!</small><br></div><div class="battle-history"><small>The pointed stones disappeared from around the opposing team!</small><br></div><div class="spacer battle-history"><br></div><div class="battle-history"><small>The opposing Zapdos restored a little HP using its Leftovers!</small><br></div><div class="battle-history"><small>Tapu Koko was hurt by poison!</small><br></div><div class="battle-history"><small>The opposing Zapdos was hurt by its burn!</small><br></div><div class="spacer battle-history"><br></div><h2 class="battle-history">Turn 87</h2><div class="spacer battle-history"><br></div><div class="battle-history">100 rires*** withdrew Zapdos!<br></div><div class="battle-history">100 rires<strong>* sent out **Tangrowth</strong>!<br></div><div class="spacer battle-history"><br></div><div class="battle-history">Tapu Koko used <strong>Roost</strong>!<br></div><div class="battle-history"><small>Tapu Koko restored its HP.</small><br></div><div class="spacer battle-history"><br></div><div class="battle-history"><small>Tapu Koko was hurt by poison!</small><br></div><div class="spacer battle-history"><br></div><h2 class="battle-history">Turn 88</h2><div class="spacer battle-history"><br></div><div class="battle-history">Tapu Koko used <strong>U-turn</strong>!<br></div><div class="battle-history"><small>It's super effective!</small><br></div><div class="battle-history"><small>(The opposing Tangrowth lost <abbr title="−132/404">32.7%</abbr> of its health!)</small><br></div><div class="chat"><small>ABR left.</small></div><div class="spacer battle-history"><br></div><div class="battle-history">Tapu Koko went back to LT42A NJNP!<br></div><div class="battle-history">Go! <strong>Toxapex</strong>!<br></div><div class="spacer battle-history"><br></div><div class="battle-history">The opposing Tangrowth used <strong>Giga Drain</strong>!<br></div><div class="battle-history"><small>(Toxapex lost <abbr title="−63/303">20.8%</abbr> of its health!)</small><br></div><div class="battle-history"><small>Toxapex had its energy drained!</small><br></div><div class="spacer battle-history"><br></div><div class="battle-history"><small>Toxapex was hurt by its burn!</small><br></div><div class="spacer battle-history"><br></div><h2 class="battle-history">Turn 89</h2><div class="spacer battle-history"><br></div><div class="battle-history">The opposing Tangrowth used <strong>Knock Off</strong>!<br></div><div class="battle-history"><small>(Toxapex lost <abbr title="−48/303">15.8%</abbr> of its health!)</small><br></div><div class="battle-history"><small>The opposing Tangrowth knocked off Toxapex's Shed Shell!</small><br></div><div class="spacer battle-history"><br></div><div class="battle-history">Toxapex used <strong>Toxic Spikes</strong>!<br></div><div class="battle-history"><small>Poison spikes were scattered on the ground all around the opposing team!</small><br></div><div class="spacer battle-history"><br></div><div class="battle-history"><small>Toxapex was hurt by its burn!</small><br></div><div class="spacer battle-history"><br></div><h2 class="battle-history">Turn 90</h2><div class="spacer battle-history"><br></div><div class="battle-history">The opposing Tangrowth used <strong>Hidden Power</strong>!<br></div><div class="battle-history"><small>It's not very effective...</small><br></div><div class="battle-history"><small>(Toxapex lost <abbr title="−15/303">5.0%</abbr> of its health!)</small><br></div><div class="spacer battle-history"><br></div><div class="battle-history">Toxapex used <strong>Recover</strong>!<br></div><div class="battle-history"><small>Toxapex restored its HP.</small><br></div><div class="spacer battle-history"><br></div><div class="battle-history"><small>Toxapex was hurt by its burn!</small><br></div><div class="battle-history"><small>The electricity disappeared from the battlefield.</small><br></div><div class="spacer battle-history"><br></div><h2 class="battle-history">Turn 91</h2><div class="spacer battle-history"><br></div><div class="battle-history">100 rires*** withdrew Tangrowth!<br></div><div class="battle-history">100 rires<strong>* sent out **Zapdos</strong>!<br></div><div class="battle-history"><small>[The opposing Zapdos's Pressure]</small><br><small>The opposing Zapdos is exerting its pressure!</small><br></div><div class="spacer battle-history"><br></div><div class="battle-history">Toxapex, come back!<br></div><div class="battle-history">Go! Scizor (<strong>Scizor-Mega</strong>)!<br></div><div class="spacer battle-history"><br></div><div class="battle-history"><small>The opposing Zapdos restored a little HP using its Leftovers!</small><br></div><div class="battle-history"><small>The opposing Zapdos was hurt by its burn!</small><br></div><div class="spacer battle-history"><br></div><h2 class="battle-history">Turn 92</h2><div class="spacer battle-history"><br></div><div class="battle-history">Scizor, come back!<br></div><div class="battle-history">Go! <strong>Tapu Koko</strong>!<br></div><div class="battle-history"><small>[Tapu Koko's Electric Surge]</small><br><small>An electric current runs across the battlefield!</small><br></div><div class="spacer battle-history"><br></div><div class="battle-history">The opposing Zapdos used <strong>Defog</strong>!<br></div><div class="battle-history"><small>Tapu Koko's evasiveness fell!</small><br></div><div class="battle-history"><small>The poison spikes disappeared from the ground around the opposing team!</small><br></div><div class="spacer battle-history"><br></div><div class="battle-history"><small>The opposing Zapdos restored a little HP using its Leftovers!</small><br></div><div class="battle-history"><small>Tapu Koko was hurt by poison!</small><br></div><div class="battle-history"><small>The opposing Zapdos was hurt by its burn!</small><br></div><div class="spacer battle-history"><br></div><h2 class="battle-history">Turn 93</h2><div class="chat"><small>ABR joined.</small></div><div class="spacer battle-history"><br></div><div class="battle-history">100 rires*** withdrew Zapdos!<br></div><div class="battle-history">100 rires<strong>* sent out **Tangrowth</strong>!<br></div><div class="spacer battle-history"><br></div><div class="battle-history">Tapu Koko used <strong>U-turn</strong>!<br></div><div class="battle-history"><small>It's super effective!</small><br></div><div class="battle-history"><small>(The opposing Tangrowth lost <abbr title="−122/404">30.2%</abbr> of its health!)</small><br></div><div class="spacer battle-history"><br></div><div class="battle-history">Tapu Koko went back to LT42A NJNP!<br></div><div class="battle-history">Go! <strong>Toxapex</strong>!<br></div><div class="spacer battle-history"><br></div><div class="battle-history"><small>Toxapex was hurt by its burn!</small><br></div><div class="spacer battle-history"><br></div><h2 class="battle-history">Turn 94</h2><div class="spacer battle-history"><br></div><div class="battle-history">100 rires*** withdrew Tangrowth!<br></div><div class="battle-history">100 rires<strong>* sent out **Zapdos</strong>!<br></div><div class="battle-history"><small>[The opposing Zapdos's Pressure]</small><br><small>The opposing Zapdos is exerting its pressure!</small><br></div><div class="spacer battle-history"><br></div><div class="battle-history">Toxapex used <strong>Toxic Spikes</strong>!<br></div><div class="battle-history"><small>Poison spikes were scattered on the ground all around the opposing team!</small><br></div><div class="spacer battle-history"><br></div><div class="battle-history"><small>The opposing Zapdos restored a little HP using its Leftovers!</small><br></div><div class="battle-history"><small>The opposing Zapdos was hurt by its burn!</small><br></div><div class="battle-history"><small>Toxapex was hurt by its burn!</small><br></div><div class="spacer battle-history"><br></div><h2 class="battle-history">Turn 95</h2><div class="spacer battle-history"><br></div><div class="battle-history">Toxapex, come back!<br></div><div class="battle-history">Go! <strong>Mew</strong>!<br></div><div class="spacer battle-history"><br></div><div class="battle-history">The opposing Zapdos used <strong>Defog</strong>!<br></div><div class="battle-history"><small>Mew's evasiveness fell!</small><br></div><div class="battle-history"><small>The poison spikes disappeared from the ground around the opposing team!</small><br></div><div class="spacer battle-history"><br></div><div class="battle-history"><small>Mew restored a little HP using its Leftovers!</small><br></div><div class="battle-history"><small>The opposing Zapdos restored a little HP using its Leftovers!</small><br></div><div class="battle-history"><small>Mew was hurt by poison!</small><br></div><div class="battle-history"><small>The opposing Zapdos was hurt by its burn!</small><br></div><div class="spacer battle-history"><br></div><h2 class="battle-history">Turn 96</h2><div class="spacer battle-history"><br></div><div class="battle-history">100 rires*** withdrew Zapdos!<br></div><div class="battle-history">100 rires<strong>* sent out **Greninja</strong>!<br></div><div class="spacer battle-history"><br></div><div class="battle-history">Mew used <strong>Roost</strong>!<br></div><div class="battle-history"><small>Mew restored its HP.</small><br></div><div class="spacer battle-history"><br></div><div class="battle-history"><small>Mew restored a little HP using its Leftovers!</small><br></div><div class="battle-history"><small>Mew was hurt by poison!</small><br></div><div class="battle-history"><small>The electricity disappeared from the battlefield.</small><br></div><div class="spacer battle-history"><br></div><h2 class="battle-history">Turn 97</h2><div class="spacer battle-history"><br></div><div class="battle-history">Mew, come back!<br></div><div class="battle-history">Go! <strong>Toxapex</strong>!<br></div><div class="spacer battle-history"><br></div><div class="battle-history">The opposing Greninja used <strong>U-turn</strong>!<br></div><div class="battle-history"><small>It's not very effective...</small><br></div><div class="battle-history"><small>A critical hit!</small><br></div><div class="battle-history"><small>(Toxapex lost <abbr title="−22/303">7.3%</abbr> of its health!)</small><br></div><div class="spacer battle-history"><br></div><div class="battle-history">The opposing Greninja went back to 100 rires***!<br></div><div class="battle-history">100 rires<strong>* sent out **Heatran</strong>!<br></div><div class="spacer battle-history"><br></div><div class="battle-history"><small>The opposing Heatran restored a little HP using its Leftovers!</small><br></div><div class="battle-history"><small>Toxapex was hurt by its burn!</small><br></div><div class="spacer battle-history"><br></div><h2 class="battle-history">Turn 98</h2><div class="spacer battle-history"><br></div><div class="battle-history">The opposing Heatran used <strong>Magma Storm</strong>!<br></div><div class="battle-history"><small>It's not very effective...</small><br></div><div class="battle-history"><small>(Toxapex lost <abbr title="−44/303">14.5%</abbr> of its health!)</small><br></div><div class="battle-history"><small>Toxapex became trapped by swirling magma!</small><br></div><div class="spacer battle-history"><br></div><div class="battle-history">Toxapex used <strong>Toxic Spikes</strong>!<br></div><div class="battle-history"><small>Poison spikes were scattered on the ground all around the opposing team!</small><br></div><div class="spacer battle-history"><br></div><div class="battle-history"><small>The opposing Heatran restored a little HP using its Leftovers!</small><br></div><div class="battle-history"><small>Toxapex was hurt by its burn!</small><br></div><div class="battle-history"><small>Toxapex is hurt by Magma Storm!</small><br></div><div class="spacer battle-history"><br></div><h2 class="battle-history">Turn 99</h2><div class="spacer battle-history"><br></div><div class="battle-history">The opposing Heatran used <strong>Earth Power</strong>!<br></div><div class="battle-history"><small>It's super effective!</small><br></div><div class="battle-history"><small>(Toxapex lost <abbr title="−112/303">37.0%</abbr> of its health!)</small><br></div><div class="spacer battle-history"><br></div><div class="battle-history">Toxapex used <strong>Recover</strong>!<br></div><div class="battle-history"><small>Toxapex restored its HP.</small><br></div><div class="spacer battle-history"><br></div><div class="battle-history"><small>Toxapex was hurt by its burn!</small><br></div><div class="battle-history"><small>Toxapex is hurt by Magma Storm!</small><br></div><div class="spacer battle-history"><br></div><h2 class="battle-history">Turn 100</h2><div class="spacer battle-history"><br></div><div class="battle-history">The opposing Heatran used <strong>Earth Power</strong>!<br></div><div class="battle-history"><small>It's super effective!</small><br></div><div class="battle-history"><small>(Toxapex lost <abbr title="−104/303">34.3%</abbr> of its health!)</small><br></div><div class="spacer battle-history"><br></div><div class="battle-history">Toxapex used <strong>Recover</strong>!<br></div><div class="battle-history"><small>Toxapex restored its HP.</small><br></div><div class="spacer battle-history"><br></div><div class="battle-history"><small>Toxapex was hurt by its burn!</small><br></div><div class="battle-history"><small>Toxapex is hurt by Magma Storm!</small><br></div><div class="spacer battle-history"><br></div><h2 class="battle-history">Turn 101</h2><div class="spacer battle-history"><br></div><div class="battle-history">The opposing Heatran used <strong>Earth Power</strong>!<br></div><div class="battle-history"><small>It's super effective!</small><br></div><div class="battle-history"><small>(Toxapex lost <abbr title="−120/303">39.6%</abbr> of its health!)</small><br></div><div class="spacer battle-history"><br></div><div class="battle-history">Toxapex used <strong>Recover</strong>!<br></div><div class="battle-history"><small>Toxapex restored its HP.</small><br></div><div class="spacer battle-history"><br></div><div class="battle-history"><small>Toxapex was hurt by its burn!</small><br></div><div class="battle-history"><small>Toxapex is hurt by Magma Storm!</small><br></div><div class="spacer battle-history"><br></div><h2 class="battle-history">Turn 102</h2><div class="spacer battle-history"><br></div><div class="battle-history">The opposing Heatran used <strong>Earth Power</strong>!<br></div><div class="battle-history"><small>It's super effective!</small><br></div><div class="battle-history"><small>(Toxapex lost <abbr title="−116/303">38.3%</abbr> of its health!)</small><br></div><div class="spacer battle-history"><br></div><div class="battle-history">Toxapex used <strong>Recover</strong>!<br></div><div class="battle-history"><small>Toxapex restored its HP.</small><br></div><div class="spacer battle-history"><br></div><div class="battle-history"><small>Toxapex was hurt by its burn!</small><br></div><div class="battle-history"><small>Toxapex was freed from Magma Storm!</small><br></div><div class="spacer battle-history"><br></div><h2 class="battle-history">Turn 103</h2><div class="spacer battle-history"><br></div><div class="battle-history">Toxapex, come back!<br></div><div class="battle-history">Go! <strong>Mew</strong>!<br></div><div class="spacer battle-history"><br></div><div class="battle-history">The opposing Heatran used <strong>Magma Storm</strong>!<br></div><div class="battle-history"><small>(Mew lost <abbr title="−154/403">38.2%</abbr> of its health!)</small><br></div><div class="battle-history"><small>Mew became trapped by swirling magma!</small><br></div><div class="spacer battle-history"><br></div><div class="battle-history"><small>Mew restored a little HP using its Leftovers!</small><br></div><div class="battle-history"><small>Mew was hurt by poison!</small><br></div><div class="battle-history"><small>Mew is hurt by Magma Storm!</small><br></div><div class="spacer battle-history"><br></div><h2 class="battle-history">Turn 104</h2><div class="spacer battle-history"><br></div><div class="battle-history">100 rires*** withdrew Heatran!<br></div><div class="battle-history">100 rires<strong>* sent out **Zapdos</strong>!<br></div><div class="battle-history"><small>[The opposing Zapdos's Pressure]</small><br><small>The opposing Zapdos is exerting its pressure!</small><br></div><div class="spacer battle-history"><br></div><div class="battle-history">Mew used <strong>Roost</strong>!<br></div><div class="battle-history"><small>Mew restored its HP.</small><br></div><div class="spacer battle-history"><br></div><div class="battle-history"><small>Mew restored a little HP using its Leftovers!</small><br></div><div class="battle-history"><small>The opposing Zapdos restored a little HP using its Leftovers!</small><br></div><div class="battle-history"><small>Mew was hurt by poison!</small><br></div><div class="battle-history"><small>The opposing Zapdos was hurt by its burn!</small><br></div><div class="spacer battle-history"><br></div><h2 class="battle-history">Turn 105</h2><div class="spacer battle-history"><br></div><div class="battle-history">Mew, come back!<br></div><div class="battle-history">Go! <strong>Tapu Koko</strong>!<br></div><div class="battle-history"><small>[Tapu Koko's Electric Surge]</small><br><small>An electric current runs across the battlefield!</small><br></div><div class="spacer battle-history"><br></div><div class="battle-history">The opposing Zapdos used <strong>Discharge</strong>!<br></div><div class="battle-history"><small>It's not very effective...</small><br></div><div class="battle-history"><small>(Tapu Koko lost <abbr title="−66/281">23.5%</abbr> of its health!)</small><br></div><div class="spacer battle-history"><br></div><div class="battle-history"><small>The opposing Zapdos restored a little HP using its Leftovers!</small><br></div><div class="battle-history"><small>Tapu Koko was hurt by poison!</small><br></div><div class="battle-history"><small>The opposing Zapdos was hurt by its burn!</small><br></div><div class="spacer battle-history"><br></div><h2 class="battle-history">Turn 106</h2><div class="chat"><small>100 rires*** left.</small></div><div class="chat message-error">Battle timer is ON: inactive players will automatically lose when time's up. (requested by LT42A NJNP)</div><div class="chat"><small>blunderr left.</small></div><div class="chat"><small>hurryupcucks left.</small></div><div class="chat"><small>100 rires*** joined.</small></div><div class="chat message-error">LT42A NJNP reconnected.</div><div class="chat message-error">100 rires*** reconnected and has 150 seconds left.</div><div class="spacer battle-history"><br></div><div class="battle-history">100 rires*** withdrew Zapdos!<br></div><div class="battle-history">100 rires<strong>* sent out **Greninja</strong>!<br></div><div class="battle-history"><small>The opposing Greninja was poisoned!</small><br></div><div class="battle-history"><small>Tapu Koko surrounded itself with its Z-Power!</small><br></div><div class="spacer battle-history"><br></div><div class="battle-history">Tapu Koko used <strong>Gigavolt Havoc</strong>!<br></div><div class="battle-history"><small>It's super effective!</small><br></div><div class="battle-history"><small>(The opposing Greninja lost <abbr title="−285/285">100%</abbr> of its health!)</small><br></div><div class="spacer battle-history"><br></div><div class="battle-history">The opposing Greninja fainted!<br></div><div class="spacer battle-history"><br></div><div class="battle-history"><small>Tapu Koko was hurt by poison!</small><br></div><div class="spacer battle-history"><br></div><div class="battle-history">100 rires<strong>* sent out **Heatran</strong>!<br></div><div class="spacer battle-history"><br></div><h2 class="battle-history">Turn 107</h2><div class="spacer battle-history"><br></div><div class="battle-history">Tapu Koko used <strong>U-turn</strong>!<br></div><div class="battle-history"><small>It's not very effective...</small><br></div><div class="battle-history"><small>(The opposing Heatran lost <abbr title="−18/385">4.7%</abbr> of its health!)</small><br></div><div class="spacer battle-history"><br></div><div class="battle-history">Tapu Koko went back to LT42A NJNP!<br></div><div class="battle-history">Go! <strong>Mew</strong>!<br></div><div class="spacer battle-history"><br></div><div class="battle-history">The opposing Heatran used <strong>Magma Storm</strong>!<br></div><div class="battle-history"><small>Mew avoided the attack!</small><br></div><div class="spacer battle-history"><br></div><div class="battle-history"><small>Mew restored a little HP using its Leftovers!</small><br></div><div class="battle-history"><small>The opposing Heatran restored a little HP using its Leftovers!</small><br></div><div class="battle-history"><small>Mew was hurt by poison!</small><br></div><div class="spacer battle-history"><br></div><h2 class="battle-history">Turn 108</h2><div class="spacer battle-history"><br></div><div class="battle-history">100 rires*** withdrew Heatran!<br></div><div class="battle-history">100 rires<strong>* sent out **Zapdos</strong>!<br></div><div class="battle-history"><small>[The opposing Zapdos's Pressure]</small><br><small>The opposing Zapdos is exerting its pressure!</small><br></div><div class="spacer battle-history"><br></div><div class="battle-history">Mew used <strong>Roost</strong>!<br></div><div class="battle-history"><small>Mew restored its HP.</small><br></div><div class="spacer battle-history"><br></div><div class="battle-history"><small>The opposing Zapdos restored a little HP using its Leftovers!</small><br></div><div class="battle-history"><small>Mew was hurt by poison!</small><br></div><div class="battle-history"><small>The opposing Zapdos was hurt by its burn!</small><br></div><div class="spacer battle-history"><br></div><h2 class="battle-history">Turn 109</h2><div class="chat"><small>vibx joined.</small></div><div class="spacer battle-history"><br></div><div class="battle-history">Mew, come back!<br></div><div class="battle-history">Go! <strong>Tapu Koko</strong>!<br></div><div class="spacer battle-history"><br></div><div class="battle-history">The opposing Zapdos used <strong>Defog</strong>!<br></div><div class="battle-history"><small>Tapu Koko's evasiveness fell!</small><br></div><div class="battle-history"><small>The poison spikes disappeared from the ground around the opposing team!</small><br></div><div class="spacer battle-history"><br></div><div class="battle-history"><small>The opposing Zapdos restored a little HP using its Leftovers!</small><br></div><div class="battle-history"><small>Tapu Koko was hurt by poison!</small><br></div><div class="battle-history"><small>The opposing Zapdos was hurt by its burn!</small><br></div><div class="battle-history"><small>The electricity disappeared from the battlefield.</small><br></div><div class="spacer battle-history"><br></div><h2 class="battle-history">Turn 110</h2><div class="spacer battle-history"><br></div><div class="battle-history">Tapu Koko used <strong>Roost</strong>!<br></div><div class="battle-history"><small>Tapu Koko restored its HP.</small><br></div><div class="spacer battle-history"><br></div><div class="battle-history">The opposing Zapdos used <strong>Discharge</strong>!<br></div><div class="battle-history"><small>It's not very effective...</small><br></div><div class="battle-history"><small>(Tapu Koko lost <abbr title="−66/281">23.5%</abbr> of its health!)</small><br></div><div class="spacer battle-history"><br></div><div class="battle-history"><small>The opposing Zapdos restored a little HP using its Leftovers!</small><br></div><div class="battle-history"><small>Tapu Koko was hurt by poison!</small><br></div><div class="battle-history"><small>The opposing Zapdos was hurt by its burn!</small><br></div><div class="spacer battle-history"><br></div><h2 class="battle-history">Turn 111</h2><div class="spacer battle-history"><br></div><div class="battle-history">Tapu Koko, come back!<br></div><div class="battle-history">Go! <strong>Mew</strong>!<br></div><div class="spacer battle-history"><br></div><div class="battle-history">The opposing Zapdos used <strong>Toxic</strong>!<br></div><div class="battle-history"><small>But it failed!</small><br></div><div class="spacer battle-history"><br></div><div class="battle-history"><small>Mew restored a little HP using its Leftovers!</small><br></div><div class="battle-history"><small>The opposing Zapdos restored a little HP using its Leftovers!</small><br></div><div class="battle-history"><small>Mew was hurt by poison!</small><br></div><div class="battle-history"><small>The opposing Zapdos was hurt by its burn!</small><br></div><div class="spacer battle-history"><br></div><h2 class="battle-history">Turn 112</h2><div class="spacer battle-history"><br></div><div class="battle-history">Mew, come back!<br></div><div class="battle-history">Go! Landorus (<strong>Landorus-Therian</strong>)!<br></div><div class="battle-history"><small>[Landorus's Intimidate]</small><br></div><div class="battle-history"><small>The opposing Zapdos's Attack fell!</small><br></div><div class="spacer battle-history"><br></div><div class="battle-history">The opposing Zapdos used <strong>Discharge</strong>!<br></div><div class="battle-history"><small>It doesn't affect Landorus...</small><br></div><div class="spacer battle-history"><br></div><div class="battle-history"><small>The opposing Zapdos restored a little HP using its Leftovers!</small><br></div><div class="battle-history"><small>The opposing Zapdos was hurt by its burn!</small><br></div><div class="spacer battle-history"><br></div><h2 class="battle-history">Turn 113</h2><div class="spacer battle-history"><br></div><div class="battle-history">100 rires*** withdrew Zapdos!<br></div><div class="battle-history">100 rires<strong>* sent out **Tangrowth</strong>!<br></div><div class="spacer battle-history"><br></div><div class="battle-history">Landorus used <strong>U-turn</strong>!<br></div><div class="battle-history"><small>It's super effective!</small><br></div><div class="battle-history"><small>(The opposing Tangrowth lost <abbr title="−144/404">35.6%</abbr> of its health!)</small><br></div><div class="spacer battle-history"><br></div><div class="battle-history">Landorus went back to LT42A NJNP!<br></div><div class="battle-history">Go! Scizor (<strong>Scizor-Mega</strong>)!<br></div><div class="spacer battle-history"><br></div><h2 class="battle-history">Turn 114</h2><div class="spacer battle-history"><br></div><div class="battle-history">100 rires*** withdrew Tangrowth!<br></div><div class="battle-history">100 rires<strong>* sent out **Heatran</strong>!<br></div><div class="spacer battle-history"><br></div><div class="battle-history">Scizor used <strong>U-turn</strong>!<br></div><div class="battle-history"><small>It's not very effective...</small><br></div><div class="battle-history"><small>(The opposing Heatran lost <abbr title="−26/385">6.8%</abbr> of its health!)</small><br></div><div class="spacer battle-history"><br></div><div class="battle-history">Scizor went back to LT42A NJNP!<br></div><div class="battle-history">Go! Landorus (<strong>Landorus-Therian</strong>)!<br></div><div class="battle-history"><small>[Landorus's Intimidate]</small><br></div><div class="battle-history"><small>The opposing Heatran's Attack fell!</small><br></div><div class="spacer battle-history"><br></div><div class="battle-history"><small>The opposing Heatran restored a little HP using its Leftovers!</small><br></div><div class="spacer battle-history"><br></div><h2 class="battle-history">Turn 115</h2><div class="spacer battle-history"><br></div><div class="battle-history">100 rires*** withdrew Heatran!<br></div><div class="battle-history">100 rires<strong>* sent out **Tangrowth</strong>!<br></div><div class="spacer battle-history"><br></div><div class="battle-history">Landorus used <strong>U-turn</strong>!<br></div><div class="battle-history"><small>It's super effective!</small><br></div><div class="battle-history"><small>(The opposing Tangrowth lost <abbr title="−138/404">34.2%</abbr> of its health!)</small><br></div><div class="spacer battle-history"><br></div><div class="battle-history">Landorus went back to LT42A NJNP!<br></div><div class="battle-history">Go! Scizor (<strong>Scizor-Mega</strong>)!<br></div><div class="spacer battle-history"><br></div><h2 class="battle-history">Turn 116</h2><div class="spacer battle-history"><br></div><div class="battle-history">100 rires*** withdrew Tangrowth!<br></div><div class="battle-history">100 rires<strong>* sent out **Heatran</strong>!<br></div><div class="spacer battle-history"><br></div><div class="battle-history">Scizor used <strong>U-turn</strong>!<br></div><div class="battle-history"><small>It's not very effective...</small><br></div><div class="battle-history"><small>(The opposing Heatran lost <abbr title="−27/385">7.0%</abbr> of its health!)</small><br></div><div class="spacer battle-history"><br></div><div class="battle-history">Scizor went back to LT42A NJNP!<br></div><div class="battle-history">Go! Landorus (<strong>Landorus-Therian</strong>)!<br></div><div class="battle-history"><small>[Landorus's Intimidate]</small><br></div><div class="battle-history"><small>The opposing Heatran's Attack fell!</small><br></div><div class="spacer battle-history"><br></div><div class="battle-history"><small>The opposing Heatran restored a little HP using its Leftovers!</small><br></div><div class="spacer battle-history"><br></div><h2 class="battle-history">Turn 117</h2><div class="spacer battle-history"><br></div><div class="battle-history">100 rires*** withdrew Heatran!<br></div><div class="battle-history">100 rires<strong>* sent out **Tangrowth</strong>!<br></div><div class="spacer battle-history"><br></div><div class="battle-history">Landorus used <strong>U-turn</strong>!<br></div><div class="battle-history"><small>It's super effective!</small><br></div><div class="battle-history"><small>(The opposing Tangrowth lost <abbr title="−140/404">34.7%</abbr> of its health!)</small><br></div><div class="spacer battle-history"><br></div><div class="battle-history">Landorus went back to LT42A NJNP!<br></div><div class="battle-history">Go! <strong>Toxapex</strong>!<br></div><div class="spacer battle-history"><br></div><div class="battle-history"><small>Toxapex was hurt by its burn!</small><br></div><div class="spacer battle-history"><br></div><h2 class="battle-history">Turn 118</h2><div class="spacer battle-history"><br></div><div class="battle-history">100 rires*** withdrew Tangrowth!<br></div><div class="battle-history">100 rires<strong>* sent out **Zapdos</strong>!<br></div><div class="battle-history"><small>[The opposing Zapdos's Pressure]</small><br><small>The opposing Zapdos is exerting its pressure!</small><br></div><div class="spacer battle-history"><br></div><div class="battle-history">Toxapex used <strong>Toxic Spikes</strong>!<br></div><div class="battle-history"><small>Poison spikes were scattered on the ground all around the opposing team!</small><br></div><div class="spacer battle-history"><br></div><div class="battle-history"><small>The opposing Zapdos restored a little HP using its Leftovers!</small><br></div><div class="battle-history"><small>The opposing Zapdos was hurt by its burn!</small><br></div><div class="battle-history"><small>Toxapex was hurt by its burn!</small><br></div><div class="spacer battle-history"><br></div><h2 class="battle-history">Turn 119</h2><div class="spacer battle-history"><br></div><div class="battle-history">Toxapex, come back!<br></div><div class="battle-history">Go! <strong>Tapu Koko</strong>!<br></div><div class="battle-history"><small>[Tapu Koko's Electric Surge]</small><br><small>An electric current runs across the battlefield!</small><br></div><div class="spacer battle-history"><br></div><div class="battle-history">The opposing Zapdos used <strong>Defog</strong>!<br></div><div class="battle-history"><small>Tapu Koko's evasiveness fell!</small><br></div><div class="battle-history"><small>The poison spikes disappeared from the ground around the opposing team!</small><br></div><div class="spacer battle-history"><br></div><div class="battle-history"><small>The opposing Zapdos restored a little HP using its Leftovers!</small><br></div><div class="battle-history"><small>Tapu Koko was hurt by poison!</small><br></div><div class="battle-history"><small>The opposing Zapdos was hurt by its burn!</small><br></div><div class="spacer battle-history"><br></div><h2 class="battle-history">Turn 120</h2><div class="spacer battle-history"><br></div><div class="battle-history">Tapu Koko used <strong>Roost</strong>!<br></div><div class="battle-history"><small>Tapu Koko restored its HP.</small><br></div><div class="spacer battle-history"><br></div><div class="battle-history">The opposing Zapdos used <strong>Discharge</strong>!<br></div><div class="battle-history"><small>It's not very effective...</small><br></div><div class="battle-history"><small>(Tapu Koko lost <abbr title="−67/281">23.8%</abbr> of its health!)</small><br></div><div class="spacer battle-history"><br></div><div class="battle-history"><small>The opposing Zapdos restored a little HP using its Leftovers!</small><br></div><div class="battle-history"><small>Tapu Koko was hurt by poison!</small><br></div><div class="battle-history"><small>The opposing Zapdos was hurt by its burn!</small><br></div><div class="spacer battle-history"><br></div><h2 class="battle-history">Turn 121</h2><div class="chat"><small>LT42A chunder left.</small></div><div class="spacer battle-history"><br></div><div class="battle-history">Tapu Koko used <strong>U-turn</strong>!<br></div><div class="battle-history"><small>It's not very effective...</small><br></div><div class="battle-history"><small>(The opposing Zapdos lost <abbr title="−45/383">11.7%</abbr> of its health!)</small><br></div><div class="spacer battle-history"><br></div><div class="battle-history">Tapu Koko went back to LT42A NJNP!<br></div><div class="battle-history">Go! <strong>Mew</strong>!<br></div><div class="spacer battle-history"><br></div><div class="battle-history">The opposing Zapdos used <strong>Discharge</strong>!<br></div><div class="battle-history"><small>(Mew lost <abbr title="−111/403">27.5%</abbr> of its health!)</small><br></div><div class="spacer battle-history"><br></div><div class="battle-history"><small>Mew restored a little HP using its Leftovers!</small><br></div><div class="battle-history"><small>The opposing Zapdos restored a little HP using its Leftovers!</small><br></div><div class="battle-history"><small>Mew was hurt by poison!</small><br></div><div class="battle-history"><small>The opposing Zapdos was hurt by its burn!</small><br></div><div class="spacer battle-history"><br></div><h2 class="battle-history">Turn 122</h2><div class="chat"><small>LT42b hayburner joined.</small></div><div class="spacer battle-history"><br></div><div class="battle-history">Mew used <strong>Stealth Rock</strong>!<br></div><div class="battle-history"><small>Pointed stones float in the air around the opposing team!</small><br></div><div class="spacer battle-history"><br></div><div class="battle-history">The opposing Zapdos used <strong>Discharge</strong>!<br></div><div class="battle-history"><small>(Mew lost <abbr title="−109/403">27.0%</abbr> of its health!)</small><br></div><div class="spacer battle-history"><br></div><div class="battle-history"><small>Mew restored a little HP using its Leftovers!</small><br></div><div class="battle-history"><small>The opposing Zapdos restored a little HP using its Leftovers!</small><br></div><div class="battle-history"><small>Mew was hurt by poison!</small><br></div><div class="battle-history"><small>The opposing Zapdos was hurt by its burn!</small><br></div><div class="spacer battle-history"><br></div><h2 class="battle-history">Turn 123</h2><div class="spacer battle-history"><br></div><div class="battle-history">Mew used <strong>Roost</strong>!<br></div><div class="battle-history"><small>Mew restored its HP.</small><br></div><div class="spacer battle-history"><br></div><div class="battle-history">The opposing Zapdos used <strong>Defog</strong>!<br></div><div class="battle-history"><small>Mew's evasiveness fell!</small><br></div><div class="battle-history"><small>The pointed stones disappeared from around the opposing team!</small><br></div><div class="spacer battle-history"><br></div><div class="battle-history"><small>Mew restored a little HP using its Leftovers!</small><br></div><div class="battle-history"><small>The opposing Zapdos restored a little HP using its Leftovers!</small><br></div><div class="battle-history"><small>Mew was hurt by poison!</small><br></div><div class="battle-history"><small>The opposing Zapdos was hurt by its burn!</small><br></div><div class="battle-history"><small>The electricity disappeared from the battlefield.</small><br></div><div class="spacer battle-history"><br></div><h2 class="battle-history">Turn 124</h2><div class="chat"><small>LT42b hayburner left.</small></div><div class="spacer battle-history"><br></div><div class="battle-history">Mew, come back!<br></div><div class="battle-history">Go! <strong>Tapu Koko</strong>!<br></div><div class="battle-history"><small>[Tapu Koko's Electric Surge]</small><br><small>An electric current runs across the battlefield!</small><br></div><div class="spacer battle-history"><br></div><div class="battle-history">The opposing Zapdos used <strong>Discharge</strong>!<br></div><div class="battle-history"><small>It's not very effective...</small><br></div><div class="battle-history"><small>(Tapu Koko lost <abbr title="−76/281">27.0%</abbr> of its health!)</small><br></div><div class="spacer battle-history"><br></div><div class="battle-history"><small>The opposing Zapdos restored a little HP using its Leftovers!</small><br></div><div class="battle-history"><small>Tapu Koko was hurt by poison!</small><br></div><div class="battle-history"><small>The opposing Zapdos was hurt by its burn!</small><br></div><div class="spacer battle-history"><br></div><h2 class="battle-history">Turn 125</h2><div class="spacer battle-history"><br></div><div class="battle-history">100 rires*** withdrew Zapdos!<br></div><div class="battle-history">100 rires<strong>* sent out **Heatran</strong>!<br></div><div class="spacer battle-history"><br></div><div class="battle-history">Tapu Koko used <strong>Roost</strong>!<br></div><div class="battle-history"><small>Tapu Koko restored its HP.</small><br></div><div class="spacer battle-history"><br></div><div class="battle-history"><small>The opposing Heatran restored a little HP using its Leftovers!</small><br></div><div class="battle-history"><small>Tapu Koko was hurt by poison!</small><br></div><div class="spacer battle-history"><br></div><h2 class="battle-history">Turn 126</h2><div class="chat"><small>Fly's Alt left.</small></div><div class="spacer battle-history"><br></div><div class="battle-history">Tapu Koko used <strong>U-turn</strong>!<br></div><div class="battle-history"><small>It's not very effective...</small><br></div><div class="battle-history"><small>(The opposing Heatran lost <abbr title="−17/385">4.4%</abbr> of its health!)</small><br></div><div class="spacer battle-history"><br></div><div class="battle-history">Tapu Koko went back to LT42A NJNP!<br></div><div class="battle-history">Go! <strong>Mew</strong>!<br></div><div class="spacer battle-history"><br></div><div class="battle-history">The opposing Heatran used <strong>Magma Storm</strong>!<br></div><div class="battle-history"><small>(Mew lost <abbr title="−145/403">36.0%</abbr> of its health!)</small><br></div><div class="battle-history"><small>Mew became trapped by swirling magma!</small><br></div><div class="spacer battle-history"><br></div><div class="battle-history"><small>Mew restored a little HP using its Leftovers!</small><br></div><div class="battle-history"><small>The opposing Heatran restored a little HP using its Leftovers!</small><br></div><div class="battle-history"><small>Mew was hurt by poison!</small><br></div><div class="battle-history"><small>Mew is hurt by Magma Storm!</small><br></div><div class="spacer battle-history"><br></div><h2 class="battle-history">Turn 127</h2><div class="spacer battle-history"><br></div><div class="battle-history">Mew used <strong>Roost</strong>!<br></div><div class="battle-history"><small>Mew restored its HP.</small><br></div><div class="spacer battle-history"><br></div><div class="battle-history">The opposing Heatran used <strong>Earth Power</strong>!<br></div><div class="battle-history"><small>(Mew lost <abbr title="−89/403">22.1%</abbr> of its health!)</small><br></div><div class="spacer battle-history"><br></div><div class="battle-history"><small>Mew restored a little HP using its Leftovers!</small><br></div><div class="battle-history"><small>Mew was hurt by poison!</small><br></div><div class="battle-history"><small>Mew is hurt by Magma Storm!</small><br></div><div class="spacer battle-history"><br></div><h2 class="battle-history">Turn 128</h2><div class="spacer battle-history"><br></div><div class="battle-history">Mew used <strong>Roost</strong>!<br></div><div class="battle-history"><small>Mew restored its HP.</small><br></div><div class="spacer battle-history"><br></div><div class="battle-history">The opposing Heatran used <strong>Earth Power</strong>!<br></div><div class="battle-history"><small>(Mew lost <abbr title="−89/403">22.1%</abbr> of its health!)</small><br></div><div class="spacer battle-history"><br></div><div class="battle-history"><small>Mew restored a little HP using its Leftovers!</small><br></div><div class="battle-history"><small>Mew was hurt by poison!</small><br></div><div class="battle-history"><small>Mew is hurt by Magma Storm!</small><br></div><div class="battle-history"><small>The electricity disappeared from the battlefield.</small><br></div><div class="spacer battle-history"><br></div><h2 class="battle-history">Turn 129</h2><div class="spacer battle-history"><br></div><div class="battle-history">Mew used <strong>Roost</strong>!<br></div><div class="battle-history"><small>Mew restored its HP.</small><br></div><div class="spacer battle-history"><br></div><div class="battle-history">The opposing Heatran used <strong>Earth Power</strong>!<br></div><div class="battle-history"><small>(Mew lost <abbr title="−87/403">21.6%</abbr> of its health!)</small><br></div><div class="spacer battle-history"><br></div><div class="battle-history"><small>Mew restored a little HP using its Leftovers!</small><br></div><div class="battle-history"><small>Mew was hurt by poison!</small><br></div><div class="battle-history"><small>Mew is hurt by Magma Storm!</small><br></div><div class="spacer battle-history"><br></div><h2 class="battle-history">Turn 130</h2><div class="spacer battle-history"><br></div><div class="battle-history">Mew used <strong>Earthquake</strong>!<br></div><div class="battle-history"><small>It's super effective!</small><br></div><div class="battle-history"><small>(The opposing Heatran lost <abbr title="−316/385">82.1%</abbr> of its health!)</small><br></div><div class="spacer battle-history"><br></div><div class="battle-history">The opposing Heatran used <strong>Earth Power</strong>!<br></div><div class="battle-history"><small>(Mew lost <abbr title="−83/403">20.6%</abbr> of its health!)</small><br></div><div class="spacer battle-history"><br></div><div class="battle-history"><small>Mew restored a little HP using its Leftovers!</small><br></div><div class="battle-history"><small>The opposing Heatran restored a little HP using its Leftovers!</small><br></div><div class="battle-history"><small>Mew was hurt by poison!</small><br></div><div class="spacer battle-history"><br></div><div class="battle-history">Mew fainted!<br></div><div class="chat"><small>LT42R Ayoukoo joined.</small></div><div class="spacer battle-history"><br></div><div class="battle-history">Go! <strong>Toxapex</strong>!<br></div><div class="spacer battle-history"><br></div><h2 class="battle-history">Turn 131</h2><div class="spacer battle-history"><br></div><div class="battle-history">100 rires*** withdrew Heatran!<br></div><div class="battle-history">100 rires<strong>* sent out **Zapdos</strong>!<br></div><div class="battle-history"><small>[The opposing Zapdos's Pressure]</small><br><small>The opposing Zapdos is exerting its pressure!</small><br></div><div class="spacer battle-history"><br></div><div class="battle-history">Toxapex used <strong>Toxic Spikes</strong>!<br></div><div class="battle-history"><small>Poison spikes were scattered on the ground all around the opposing team!</small><br></div><div class="spacer battle-history"><br></div><div class="battle-history"><small>The opposing Zapdos restored a little HP using its Leftovers!</small><br></div><div class="battle-history"><small>The opposing Zapdos was hurt by its burn!</small><br></div><div class="battle-history"><small>Toxapex was hurt by its burn!</small><br></div><div class="spacer battle-history"><br></div><h2 class="battle-history">Turn 132</h2><div class="spacer battle-history"><br></div><div class="battle-history">Toxapex, come back!<br></div><div class="battle-history">Go! <strong>Tapu Koko</strong>!<br></div><div class="battle-history"><small>[Tapu Koko's Electric Surge]</small><br><small>An electric current runs across the battlefield!</small><br></div><div class="spacer battle-history"><br></div><div class="battle-history">The opposing Zapdos used <strong>Defog</strong>!<br></div><div class="battle-history"><small>Tapu Koko's evasiveness fell!</small><br></div><div class="battle-history"><small>The poison spikes disappeared from the ground around the opposing team!</small><br></div><div class="spacer battle-history"><br></div><div class="battle-history"><small>The opposing Zapdos restored a little HP using its Leftovers!</small><br></div><div class="battle-history"><small>Tapu Koko was hurt by poison!</small><br></div><div class="battle-history"><small>The opposing Zapdos was hurt by its burn!</small><br></div><div class="spacer battle-history"><br></div><h2 class="battle-history">Turn 133</h2><div class="spacer battle-history"><br></div><div class="battle-history">100 rires*** withdrew Zapdos!<br></div><div class="battle-history">100 rires<strong>* sent out **Tangrowth</strong>!<br></div><div class="spacer battle-history"><br></div><div class="battle-history">Tapu Koko used <strong>Roost</strong>!<br></div><div class="battle-history"><small>Tapu Koko restored its HP.</small><br></div><div class="spacer battle-history"><br></div><div class="battle-history"><small>Tapu Koko was hurt by poison!</small><br></div><div class="spacer battle-history"><br></div><h2 class="battle-history">Turn 134</h2><div class="spacer battle-history"><br></div><div class="battle-history">Tapu Koko used <strong>U-turn</strong>!<br></div><div class="battle-history"><small>It's super effective!</small><br></div><div class="battle-history"><small>(The opposing Tangrowth lost <abbr title="−120/404">29.7%</abbr> of its health!)</small><br></div><div class="spacer battle-history"><br></div><div class="battle-history">Tapu Koko went back to LT42A NJNP!<br></div><div class="battle-history">Go! <strong>Toxapex</strong>!<br></div><div class="spacer battle-history"><br></div><div class="battle-history">The opposing Tangrowth used <strong>Earthquake</strong>!<br></div><div class="battle-history"><small>It's super effective!</small><br></div><div class="battle-history"><small>(Toxapex lost <abbr title="−92/303">30.4%</abbr> of its health!)</small><br></div><div class="spacer battle-history"><br></div><div class="battle-history"><small>Toxapex was hurt by its burn!</small><br></div><div class="spacer battle-history"><br></div><h2 class="battle-history">Turn 135</h2><div class="chat chatmessage-lt42rayoukoo"><strong style="color:hsl(199,68%,44%)"><small> </small><span class="username" data-name="LT42R Ayoukoo">LT42R Ayoukoo</span>:</strong> <em>go njnp</em></div><div class="spacer battle-history"><br></div><div class="battle-history">100 rires*** withdrew Tangrowth!<br></div><div class="battle-history">100 rires<strong>* sent out **Zapdos</strong>!<br></div><div class="battle-history"><small>[The opposing Zapdos's Pressure]</small><br><small>The opposing Zapdos is exerting its pressure!</small><br></div><div class="spacer battle-history"><br></div><div class="battle-history">Toxapex used <strong>Toxic Spikes</strong>!<br></div><div class="battle-history"><small>Poison spikes were scattered on the ground all around the opposing team!</small><br></div><div class="spacer battle-history"><br></div><div class="battle-history"><small>The opposing Zapdos restored a little HP using its Leftovers!</small><br></div><div class="battle-history"><small>The opposing Zapdos was hurt by its burn!</small><br></div><div class="battle-history"><small>Toxapex was hurt by its burn!</small><br></div><div class="spacer battle-history"><br></div><h2 class="battle-history">Turn 136</h2><div class="spacer battle-history"><br></div><div class="battle-history">Toxapex, come back!<br></div><div class="battle-history">Go! <strong>Tapu Koko</strong>!<br></div><div class="spacer battle-history"><br></div><div class="battle-history">The opposing Zapdos used <strong>Defog</strong>!<br></div><div class="battle-history"><small>Tapu Koko's evasiveness fell!</small><br></div><div class="battle-history"><small>The poison spikes disappeared from the ground around the opposing team!</small><br></div><div class="spacer battle-history"><br></div><div class="battle-history"><small>The opposing Zapdos restored a little HP using its Leftovers!</small><br></div><div class="battle-history"><small>Tapu Koko was hurt by poison!</small><br></div><div class="battle-history"><small>The opposing Zapdos was hurt by its burn!</small><br></div><div class="battle-history"><small>The electricity disappeared from the battlefield.</small><br></div><div class="spacer battle-history"><br></div><h2 class="battle-history">Turn 137</h2><div class="spacer battle-history"><br></div><div class="battle-history">100 rires*** withdrew Zapdos!<br></div><div class="battle-history">100 rires<strong>* sent out **Tangrowth</strong>!<br></div><div class="spacer battle-history"><br></div><div class="battle-history">Tapu Koko used <strong>Taunt</strong>!<br></div><div class="battle-history"><small>The opposing Tangrowth fell for the taunt!</small><br></div><div class="spacer battle-history"><br></div><div class="battle-history"><small>Tapu Koko was hurt by poison!</small><br></div><div class="spacer battle-history"><br></div><h2 class="battle-history">Turn 138</h2><div class="spacer battle-history"><br></div><div class="battle-history">Tapu Koko used <strong>U-turn</strong>!<br></div><div class="battle-history"><small>It's super effective!</small><br></div><div class="battle-history"><small>A critical hit!</small><br></div><div class="battle-history"><small>(The opposing Tangrowth lost <abbr title="−188/404">46.5%</abbr> of its health!)</small><br></div><div class="spacer battle-history"><br></div><div class="battle-history">Tapu Koko went back to LT42A NJNP!<br></div><div class="battle-history">Go! Scizor (<strong>Scizor-Mega</strong>)!<br></div><div class="spacer battle-history"><br></div><div class="battle-history">The opposing Tangrowth used <strong>Earthquake</strong>!<br></div><div class="battle-history"><small>(Scizor lost <abbr title="−43/343">12.5%</abbr> of its health!)</small><br></div><div class="spacer battle-history"><br></div><h2 class="battle-history">Turn 139</h2><div class="spacer battle-history"><br></div><div class="battle-history">100 rires*** withdrew Tangrowth!<br></div><div class="battle-history">100 rires<strong>* sent out **Heatran</strong>!<br></div><div class="spacer battle-history"><br></div><div class="battle-history">Scizor used <strong>U-turn</strong>!<br></div><div class="battle-history"><small>It's not very effective...</small><br></div><div class="battle-history"><small>(The opposing Heatran lost <abbr title="−27/385">7.0%</abbr> of its health!)</small><br></div><div class="spacer battle-history"><br></div><div class="battle-history">Scizor went back to LT42A NJNP!<br></div><div class="battle-history">Go! <strong>Toxapex</strong>!<br></div><div class="spacer battle-history"><br></div><div class="battle-history"><small>The opposing Heatran restored a little HP using its Leftovers!</small><br></div><div class="battle-history"><small>Toxapex was hurt by its burn!</small><br></div><div class="spacer battle-history"><br></div><h2 class="battle-history">Turn 140</h2><div class="spacer battle-history"><br></div><div class="battle-history">100 rires*** withdrew Heatran!<br></div><div class="battle-history">100 rires<strong>* sent out **Zapdos</strong>!<br></div><div class="battle-history"><small>[The opposing Zapdos's Pressure]</small><br><small>The opposing Zapdos is exerting its pressure!</small><br></div><div class="spacer battle-history"><br></div><div class="battle-history">Toxapex used <strong>Scald</strong>!<br></div><div class="battle-history"><small>A critical hit!</small><br></div><div class="battle-history"><small>(The opposing Zapdos lost <abbr title="−69/383">18.0%</abbr> of its health!)</small><br></div><div class="spacer battle-history"><br></div><div class="battle-history"><small>The opposing Zapdos restored a little HP using its Leftovers!</small><br></div><div class="battle-history"><small>The opposing Zapdos was hurt by its burn!</small><br></div><div class="battle-history"><small>Toxapex was hurt by its burn!</small><br></div><div class="spacer battle-history"><br></div><h2 class="battle-history">Turn 141</h2><div class="spacer battle-history"><br></div><div class="battle-history">The opposing Zapdos used <strong>Roost</strong>!<br></div><div class="battle-history"><small>The opposing Zapdos restored its HP.</small><br></div><div class="spacer battle-history"><br></div><div class="battle-history">Toxapex used <strong>Scald</strong>!<br></div><div class="battle-history"><small>(The opposing Zapdos lost <abbr title="−48/383">12.5%</abbr> of its health!)</small><br></div><div class="spacer battle-history"><br></div><div class="battle-history"><small>The opposing Zapdos restored a little HP using its Leftovers!</small><br></div><div class="battle-history"><small>The opposing Zapdos was hurt by its burn!</small><br></div><div class="battle-history"><small>Toxapex was hurt by its burn!</small><br></div><div class="spacer battle-history"><br></div><h2 class="battle-history">Turn 142</h2><div class="spacer battle-history"><br></div><div class="battle-history">Toxapex, come back!<br></div><div class="battle-history">Go! <strong>Tapu Koko</strong>!<br></div><div class="battle-history"><small>[Tapu Koko's Electric Surge]</small><br><small>An electric current runs across the battlefield!</small><br></div><div class="spacer battle-history"><br></div><div class="battle-history">The opposing Zapdos used <strong>Discharge</strong>!<br></div><div class="battle-history"><small>It's not very effective...</small><br></div><div class="battle-history"><small>(Tapu Koko lost <abbr title="−66/281">23.5%</abbr> of its health!)</small><br></div><div class="spacer battle-history"><br></div><div class="battle-history"><small>The opposing Zapdos restored a little HP using its Leftovers!</small><br></div><div class="battle-history"><small>Tapu Koko was hurt by poison!</small><br></div><div class="battle-history"><small>The opposing Zapdos was hurt by its burn!</small><br></div><div class="spacer battle-history"><br></div><h2 class="battle-history">Turn 143</h2><div class="spacer battle-history"><br></div><div class="battle-history">100 rires*** withdrew Zapdos!<br></div><div class="battle-history">100 rires<strong>* sent out **Tangrowth</strong>!<br></div><div class="spacer battle-history"><br></div><div class="battle-history">Tapu Koko used <strong>Roost</strong>!<br></div><div class="battle-history"><small>Tapu Koko restored its HP.</small><br></div><div class="spacer battle-history"><br></div><div class="battle-history"><small>Tapu Koko was hurt by poison!</small><br></div><div class="spacer battle-history"><br></div><h2 class="battle-history">Turn 144</h2><div class="chat"><small>The Cheesen One joined.</small></div><div class="spacer battle-history"><br></div><div class="battle-history">Tapu Koko used <strong>U-turn</strong>!<br></div><div class="battle-history"><small>It's super effective!</small><br></div><div class="battle-history"><small>A critical hit!</small><br></div><div class="battle-history"><small>(The opposing Tangrowth lost <abbr title="−184/404">45.5%</abbr> of its health!)</small><br></div><div class="spacer battle-history"><br></div><div class="battle-history">Tapu Koko went back to LT42A NJNP!<br></div><div class="battle-history">Go! Landorus (<strong>Landorus-Therian</strong>)!<br></div><div class="battle-history"><small>[Landorus's Intimidate]</small><br></div><div class="battle-history"><small>The opposing Tangrowth's Attack fell!</small><br></div><div class="spacer battle-history"><br></div><div class="battle-history">The opposing Tangrowth used <strong>Earthquake</strong>!<br></div><div class="battle-history"><small>It doesn't affect Landorus...</small><br></div><div class="spacer battle-history"><br></div><h2 class="battle-history">Turn 145</h2><div class="chat"><small>vibx left.</small></div><div class="spacer battle-history"><br></div><div class="battle-history">Landorus used <strong>Stone Edge</strong>!<br></div><div class="battle-history"><small>(The opposing Tangrowth lost <abbr title="−110/404">27.2%</abbr> of its health!)</small><br></div><div class="spacer battle-history"><br></div><div class="battle-history">The opposing Tangrowth used <strong>Hidden Power</strong>!<br></div><div class="battle-history"><small>It's super effective!</small><br></div><div class="battle-history"><small>(Landorus lost <abbr title="−232/319">72.7%</abbr> of its health!)</small><br></div><div class="spacer battle-history"><br></div><h2 class="battle-history">Turn 146</h2><div class="chat"><small>Kleinstein1003 left.</small></div><div class="chat message-error">100 rires*** has 120 seconds left.</div><div class="spacer battle-history"><br></div><div class="battle-history">100 rires*** withdrew Tangrowth!<br></div><div class="battle-history">100 rires<strong>* sent out **Heatran</strong>!<br></div><div class="spacer battle-history"><br></div><div class="battle-history">Landorus used <strong>Stone Edge</strong>!<br></div><div class="battle-history"><small>(The opposing Heatran lost <abbr title="−90/385">23.4%</abbr> of its health!)</small><br></div><div class="spacer battle-history"><br></div><div class="battle-history">The opposing Heatran fainted!<br></div><div class="spacer battle-history"><br></div><div class="battle-history"><small>The electricity disappeared from the battlefield.</small><br></div><div class="spacer battle-history"><br></div><div class="battle-history">100 rires<strong>* sent out **Tangrowth</strong>!<br></div><div class="spacer battle-history"><br></div><h2 class="battle-history">Turn 147</h2><div class="spacer battle-history"><br></div><div class="battle-history"><small>100 rires*** forfeited.</small><br></div><div class="spacer battle-history"><br></div><div class="battle-history"><strong>LT42A NJNP</strong> won the battle!<br></div><div class="chat"><small>100 rires*** left.</small></div><div class="chat"><small>LT42A Ricardo left.</small></div><div class="chat">LT42A NJNP's rating: 1927 → <strong>1950</strong><br>(+23 for winning)</div><div class="chat">100 rires***'s rating: 1982 → <strong>1958</strong><br>(-24 for losing)</div><div class="chat"><small>Zamrock left.</small></div><div class="chat"><small>The Cheesen One left.</small></div><div class="chat"><small>LT42A Ricardo joined.</small></div><div class="chat"><small>LT42A NJNP left.</small></div><div class="chat"><small>LT42A Ricardo left.</small></div><div class="chat"><small>LT42A cc left.</small></div><div class="chat"><small>LT42A Phrog left.</small></div><div class="chat"><small>Sunnychoupi joined.</small></div><div class="chat"><small>Sunnychoupi left.</small></div><div class="chat"><small>eastnovel joined.</small></div></div><div class="inner-preempt"></div></div></div>
</div>
<script>
let daily = Math.floor(Date.now()/1000/60/60/24);document.write('<script src="https://play.pokemonshowdown.com/js/replay-embed.js?version'+daily+'"></'+'script>');
</script>
